% Encoding: UTF-8

@Article{langrock2011hidden,
  author        = {Langrock, R and Zucchini, W},
  title         = {Hidden Markov models with arbitrary state dwell-time distributions},
  journal       = {Computational Statistics \& Data Analysis},
  year          = {2011},
  volume        = {55},
  number        = {1},
  pages         = {715--724},
  bdsk-file-1   = {YnBsaXN0MDDUAQIDBAUGJCVYJHZlcnNpb25YJG9iamVjdHNZJGFyY2hpdmVyVCR0b3ASAAGGoKgHCBMUFRYaIVUkbnVsbNMJCgsMDxJXTlMua2V5c1pOUy5vYmplY3RzViRjbGFzc6INDoACgAOiEBGABIAFgAdccmVsYXRpdmVQYXRoWWFsaWFzRGF0YV8QWy4uLy4uLy4uLy4uLy4uL0RvY3VtZW50cy9yZWZlcmVuY2VzL1BhcGVycy9MYW5ncm9jay9IaWRkZW4gTWFya292IG1vZGVscyB3aXRoIGFyYml0cmFyeS5wZGbSFwsYGVdOUy5kYXRhTxECLAAAAAACLAACAAAMTWFjaW50b3NoIEhEAAAAAAAAAAAAAAAAAAAA0ecWQkgrAAAADQASH0hpZGRlbiBNYXJrb3YgbW9kZWxzICNEMDAxMy5wZGYAAAAAAAAAAAAAAAAAAAAAAAAAAAAAAAAAAAAAAAAAAAANABPRdl0KAAAAAAAAAAAABQAFAAAJIAAAAAAAAAAAAAAAAAAAAAhMYW5ncm9jawAQAAgAANHneLIAAAARAAgAANF2v3oAAAABABgADQASAAz9IwAM+x0ADPZrAAzc5wAMylsAAgBrTWFjaW50b3NoIEhEOlVzZXJzOgBkZXZpbi5qb2huc29uOgBEb2N1bWVudHM6AHJlZmVyZW5jZXM6AFBhcGVyczoATGFuZ3JvY2s6AEhpZGRlbiBNYXJrb3YgbW9kZWxzICNEMDAxMy5wZGYAAA4AUAAnAEgAaQBkAGQAZQBuACAATQBhAHIAawBvAHYAIABtAG8AZABlAGwAcwAgAHcAaQB0AGgAIABhAHIAYgBpAHQAcgBhAHIAeQAuAHAAZABmAA8AGgAMAE0AYQBjAGkAbgB0AG8AcwBoACAASABEABIAYFVzZXJzL2RldmluLmpvaG5zb24vRG9jdW1lbnRzL3JlZmVyZW5jZXMvUGFwZXJzL0xhbmdyb2NrL0hpZGRlbiBNYXJrb3YgbW9kZWxzIHdpdGggYXJiaXRyYXJ5LnBkZgATAAEvAAAVAAIAFP//AACABtIbHB0eWiRjbGFzc25hbWVYJGNsYXNzZXNdTlNNdXRhYmxlRGF0YaMdHyBWTlNEYXRhWE5TT2JqZWN00hscIiNcTlNEaWN0aW9uYXJ5oiIgXxAPTlNLZXllZEFyY2hpdmVy0SYnVHJvb3SAAQAIABEAGgAjAC0AMgA3AEAARgBNAFUAYABnAGoAbABuAHEAcwB1AHcAhACOAOwA8QD5AykDKwMwAzsDRANSA1YDXQNmA2sDeAN7A40DkAOVAAAAAAAAAgEAAAAAAAAAKAAAAAAAAAAAAAAAAAAAA5c=},
  date-added    = {2017-07-31 21:23:05 +0000},
  date-modified = {2017-07-31 21:23:05 +0000},
  publisher     = {Elsevier},
}

@Book{zucchini2009hidden,
  author        = {Zucchini, Walter and MacDonald, Iain L},
  title         = {Hidden Markov models for time series: an introduction using R},
  year          = {2009},
  publisher     = {CRC Press},
  address       = {Boca Raton, Florida},
  date-added    = {2017-07-31 21:10:54 +0000},
  date-modified = {2017-07-31 21:10:54 +0000},
}

@article{KoganMargoliash1998,
	Author = {Kogan J. A. and Margoliash, D.},
	Journal = {Journal of the Acoustical Society of America},
	Owner = {paul.conn},
	Pages = {2185-2196},
	Timestamp = {2013.07.22},
	Title = {Automated recognition of bird song elements from continuous recordings using dynamic time warping and hidden Markov models: A comparative study},
	Volume = {103},
	Year = {1998}}

@unpublished{afsc:2010dz,
	Author = {AFSC},
	Note = {Unpublished report, available from Alaska Fisheries Science Center, NMFS, NOAA, 7600 Sand Point Way, NE, Seattle, Washington 98115. 81 pp.},
	Title = {{S}teller sea lion fishery and oceanographic analysis {BiOp} 2010 (February 11, 2010)},
	Year = {2010}}

@article{AgarwalEtAl2002,
	Author = {Agarwal, D. K. and Gelfand, A. E. and Citron-Pousty, S.},
	Journal = {Environmental and Ecological Statistics},
	Owner = {paul.conn},
	Pages = {341-355},
	Timestamp = {2014.05.02},
	Title = {Zero-inflated models with application to spatial count data},
	Volume = {9},
	Year = {2002}}

@book{Agresti2002,
	Address = {Hoboken, N.J.},
	Author = {Agresti, A.},
	Owner = {paul.conn},
	Publisher = {Wiley-Interscience},
	Timestamp = {2013.03.08},
	Title = {Categorical Data Analysis, 2nd Edition},
	Year = {2002}}

@article{Albert1993,
	Author = {Albert, J.H. and Chib, S.},
	Journal = {Journal of the American Statistical Association},
	Owner = {paul.conn},
	Pages = {669-679},
	Timestamp = {2012.01.11},
	Title = {Bayesian analysis of binary and polychotomous response data},
	Volume = {88},
	Year = {1993}}

@article{Albert1993a,
	Author = {Albert, J.H. and Chib, S.},
	Journal = {Journal of the American Statistical Association},
	Owner = {paul.conn},
	Pages = {669-679},
	Timestamp = {2012.01.13},
	Title = {Analysis of binary and polychotomous response data},
	Volume = {88},
	Year = {1993}}

@article{AlexanderEtAl2000,
	Author = {Alexander, Neal and Moyeed, Rana and Stander, Julian},
	Journal = {Biostatistics},
	Number = {4},
	Pages = {453--463},
	Publisher = {Biometrika Trust},
	Title = {Spatial modelling of individual-level parasite counts using the negative binomial distribution},
	Volume = {1},
	Year = {2000}}

@article{Alho1990,
	Author = {Alho, J. M.},
	Journal = {Biometrics},
	Owner = {paul.conn},
	Pages = {623--635},
	Timestamp = {2013.05.24},
	Title = {Logistic regression in capture-recapture models},
	Volume = {46},
	Year = {1990}}

@article{Alisauskas2002,
	Author = {Alisauskas, R. T. and Lindberg, M. S.},
	Journal = {Journal of Applied Statistics},
	Owner = {paul.conn},
	Pages = {521--537},
	Timestamp = {2013.05.24},
	Title = {Effects of neckbands on survival and fidelity of white-fronted and Canada geese captured as non-breeding adults},
	Volume = {29},
	Year = {2002}}

@article{Alldredge2007,
	Author = {Alldredge, M.W. and Pollock, K.H. and Simons, T.R. and Collazo, J.A. and Shriner, S.A.},
	Journal = {Auk},
	Owner = {paul.conn},
	Pages = {653-664},
	Timestamp = {2011.12.22},
	Title = {Time-of detection method for estimating abundance from point-count surveys},
	Volume = {124},
	Year = {2007}}

@phdthesis{Alt1989,
	Address = {Morgantown, WV, USA},
	Author = {Alt, G. L.},
	Owner = {paul.conn},
	School = {West Virginia University},
	Timestamp = {2013.05.24},
	Title = {Reproductive biology of female black bears and early growth and development of cubs in northeastern Pennsylvania},
	Year = {1989}}

@article{AmstrupEtAl2001,
	Author = {Amstrup, S. C. and McDonald, T. L. and Stirling, I.},
	Journal = {Journal of Agricultural, Biological, and Environmental Statistics},
	Number = {2},
	Pages = {221--234},
	Publisher = {Springer},
	Title = {Polar bears in the Beaufort Sea: A 30-year mark-recapture case history},
	Volume = {6},
	Year = {2001}}

@article{AmstrupEtAl2004,
	Author = {Amstrup, S. C. and York, G. and McDonald, T. L. and Nielson, R. and Simac, K.},
	Journal = {BioScience},
	Owner = {paul.conn},
	Pages = {337-344},
	Timestamp = {2013.07.22},
	Title = {Detecting denning polar bears with forward-looking infrared (FLIR) imagery},
	Volume = {54},
	Year = {2004}}

@techreport{Anderson1992,
	Author = {Anderson, A. E. and Bowden, D. C. and Kattner, D. M.},
	Intitution = {Colorado Division of Wildlife},
	Number = {DOW-R-T-40-92},
	Owner = {paul.conn},
	Timestamp = {2013.05.24},
	Title = {The puma on Uncompahgre Plateau, Colorado},
	Year = {1992}}

@article{Anganuzzi1994,
	Author = {Anganuzzi, A. and Hilborn, R. and Skalski, J. R.},
	Journal = {Canadian Journal of Fisheries and Aquatic Sciences},
	Owner = {paul.conn},
	Pages = {734-742},
	Timestamp = {2013.05.24},
	Title = {Estimation of size-selectivity and movement rates from mark recovery data},
	Volume = {51},
	Year = {1994}}

@Article{ArlotCelisse2010,
  author        = {Arlot, S. and Celisse, A.},
  title         = {A survey of cross-validation procedures for model selection},
  journal       = {Statistics Surveys},
  year          = {2010},
  volume        = {4},
  pages         = {40-79},
  __markedentry = {[paul.conn:]},
  owner         = {paul.conn},
  timestamp     = {2015.11.05},
}

@article{Arnason1973,
	Author = {Arnason, A. N.},
	Journal = {Researches in Population Ecology},
	Owner = {paul.conn},
	Pages = {1-8},
	Timestamp = {2013.05.24},
	Title = {The estimation of population size, migration rates, and survival in a stratified population},
	Volume = {15},
	Year = {1973}}

@article{Arnason1972,
	Author = {Arnason, A. N.},
	Journal = {Researches in Population Ecology},
	Owner = {paul.conn},
	Pages = {97-113},
	Timestamp = {2013.05.24},
	Title = {Parameter estimation for mark-recapture experiments on two populations subject to migration and death},
	Volume = {13},
	Year = {1972}}

@article{Arzoumanian2005,
	Author = {Arzoumanian, Z. and Holmberg, J. and Norman, B.},
	Journal = {Journal of Applied Ecology},
	Owner = {paul.conn},
	Pages = {999-1011},
	Timestamp = {2009.12.21},
	Title = {An astronomical pattern-matching algorithm for computer-aided identification of whale sharks Rhincodon typus},
	Volume = {42},
	Year = {2005}}

@article{BabbittTanner2000,
	Author = {Babbitt, K. J. and Tanner, G. W.},
	Journal = {Wetlands},
	Owner = {paul.conn},
	Pages = {313-322},
	Timestamp = {2013.12.04},
	Title = {Use of temporary wetlands by anurans in a hydrologically modified landscape},
	Volume = {20},
	Year = {2000}}

@book{BaddeleyEtAl2015,
	Address = {London},
	Author = {Adrian Baddeley and Ege Rubak and Rolf Turner},
	Publisher = {Chapman and Hall/CRC Press},
	Title = {Spatial Point Patterns: Methodology and Applications with {R}},
	Url = {http://www.crcpress.com/Spatial-Point-Patterns-Methodology-and-Applications-with-R/Baddeley-Rubak-Turner/9781482210200/},
	Year = {2015},
	Bdsk-Url-1 = {http://www.crcpress.com/Spatial-Point-Patterns-Methodology-and-Applications-with-R/Baddeley-Rubak-Turner/9781482210200/}}

@article{BaddeleyTurner2005,
	Author = {Adrian Baddeley and Rolf Turner},
	Journal = {Journal of Statistical Software},
	Number = {6},
	Pages = {1--42},
	Title = {{spatstat}: An {R} Package for Analyzing Spatial Point Patterns},
	Url = {http://www.jstatsoft.org/v12/i06/},
	Volume = {12},
	Year = {2005},
	Bdsk-Url-1 = {http://www.jstatsoft.org/v12/i06/}}

@book{Banerjee2004,
	Author = {Banerjee, S. and Carlin, B.P. and Gelfand, A. E.},
	Owner = {paul.conn},
	Publisher = {Chapman \& Hall/CRC},
	Timestamp = {2011.12.28},
	Title = {Hierarchical modeling and analysis of spatial data},
	Year = {2004}}

@article{BanerjeeEtAl2008,
	Author = {Banerjee, S. and Gelfand, A. E. and Finley, A. O. and Sang, H.},
	Journal = {Journal of the Royal Statistical Society B},
	Owner = {paul.conn},
	Pages = {825-848},
	Timestamp = {2013.09.10},
	Title = {Stationary process approximation for the analysis of large spatial datasets},
	Volume = {70},
	Year = {2008}}

@article{BanerjeeEtAl2008,
	Author = {Banerjee, S. and Gelfand, A. E. and Finley, A. O. and Sang, H.},
	Journal = {Journal of the Royal Statistical Society B},
	Owner = {paul.conn},
	Pages = {825-848},
	Timestamp = {2013.09.10},
	Title = {Gaussian predictive process models for large spatial datasets},
	Volume = {70},
	Year = {2008}}

@article{Baranov1918,
	Author = {Baranov, F. I.},
	Journal = {Nauchno Issled Ikhtiol Inst Izv},
	Owner = {paul.conn},
	Pages = {81-128},
	Timestamp = {2013.05.24},
	Title = {On the question of the biological basis of fisheries},
	Volume = {1},
	Year = {1918}}

@article{Barker2004,
	Author = {Barker, R. J. and Burnham, K. P. and White, G. C.},
	Journal = {Statistica Sinica},
	Owner = {paul.conn},
	Pages = {1037-1056},
	Timestamp = {2013.05.24},
	Title = {Encounter history modeling of joing mark-recapture, tag-resighting and tag-recovery data under temporary emigration},
	Volume = {14},
	Year = {2004}}

@article{Barker2001,
	Author = {Barker, R. J. and Kavalieris, L.},
	Journal = {Biometrics},
	Owner = {paul.conn},
	Pages = {563-566},
	Timestamp = {2013.05.24},
	Title = {Efficiency gain from auxiliary data requiring additional nuisance parameters},
	Volume = {57},
	Year = {2001}}

@Article{BarkerEtAl2017,
  author  = {Barker, R. J. and Schofield, M. R. and Link, W. A. and Sauer, J. R.},
  title   = {On the reliability of N-mixture models for count data},
  year    = {2017},
  volume  = {00},
  pages   = {10.1111/biom.12734},
  journal = {Biometrics},
}

@article{BarryVerHoef1996,
	Author = {Barry, R. P. and Ver Hoef, J. M.},
	Journal = {Journal of Agricultural, Biological, and Environmental Statistics},
	Owner = {paul.conn},
	Pages = {297-322},
	Timestamp = {2014.05.13},
	Title = {Blackbox kriging: Kriging without specifying variogram models},
	Volume = {1},
	Year = {1996}}

@article{Barry2003,
	Author = {Barry, S. C. and Brooks, S. P. and Catchpole, E. A. and Morgan, B. J. T.},
	Journal = {Biometrics},
	Owner = {paul.conn},
	Pages = {54-65},
	Timestamp = {2013.05.24},
	Title = {The analysis of ring-recovery data using random effects},
	Volume = {59},
	Year = {2003}}

@article{Basson,
	Author = {Basson, M.},
	Journal = {ICES Journal of Marine Science},
	Owner = {paul.conn},
	Pages = {933-942},
	Timestamp = {2013.05.24},
	Title = {The importance of environmental factors in the design of management procedures},
	Volume = {56}}

@manual{Bates2011,
	Author = {Bates, D. and Maechler, M.},
	Note = {R package version 1.0-2},
	Owner = {paul.conn},
	Timestamp = {2012.01.13},
	Title = {Matrix: Sparse and Dense Matrix Classes and Methods},
	Url = {http://CRAN.R-project.org/package=Matrix},
	Year = {2011},
	Bdsk-Url-1 = {http://CRAN.R-project.org/package=Matrix}}

@article{BayarriBerger2000,
	Author = {Bayarri, MJ and Berger, James O},
	Journal = {Journal of the American Statistical Association},
	Number = {452},
	Pages = {1127--1142},
	Publisher = {Taylor \& Francis Group},
	Title = {P values for composite null models},
	Volume = {95},
	Year = {2000}}

@article{BayarriBerger2000,
	__Markedentry = {[paul.conn:]},
	Author = {Bayarri, MJ and Berger, James O},
	Journal = {Journal of the American Statistical Association},
	Number = {452},
	Owner = {paul.conn},
	Pages = {1127--1142},
	Publisher = {Taylor \& Francis Group},
	Timestamp = {2016.03.02},
	Title = {P values for composite null models},
	Volume = {95},
	Year = {2000}}

@Article{BayarriCastellanos2007,
  author    = {Bayarri, MJ and Castellanos, ME},
  title     = {Bayesian checking of the second levels of hierarchical models},
  year      = {2007},
  volume    = {22},
  number    = {3},
  pages     = {322--343},
  journal   = {Statistical Science},
  publisher = {Institute of Mathematical Statistics},
}

@InProceedings{BayarriBerger1999,
  author        = {Bayarri, M. J. and Berger, J. O.},
  title         = {Quantifying surprise in the data and model verification},
  booktitle     = {Bayesian Statistics 6},
  year          = {1999},
  editor        = {Bernardo, J. M. and Berger, J. O. and Dawid, A. P. and Smith, A. F. M.},
  publisher     = {Oxford University Press},
  pages         = {53-82},
  __markedentry = {[paul.conn:]},
  address       = {London, U.K.},
  owner         = {paul.conn},
  timestamp     = {2015.11.09},
}

@article{Beamish1983,
	Author = {Beamish, R. J. and McFarlane, G. A.},
	Journal = {Transactions of the American Fisheries Society},
	Owner = {paul.conn},
	Pages = {735-743},
	Timestamp = {2013.05.24},
	Title = {The forgotten requirement for age validation in fisheries biology},
	Volume = {112},
	Year = {1983}}

@article{BeaumontEtAl2002,
	__Markedentry = {[paul.conn:]},
	Author = {Beaumont, Mark A and Zhang, Wenyang and Balding, David J},
	Journal = {Genetics},
	Number = {4},
	Owner = {paul.conn},
	Pages = {2025--2035},
	Publisher = {Genetics Soc America},
	Timestamp = {2016.03.02},
	Title = {Approximate Bayesian computation in population genetics},
	Volume = {162},
	Year = {2002}}

@techreport{Beck1991,
	Address = {Fort Collins, Colorado},
	Author = {Beck, T. D. I.},
	Institution = {Colorado Division of Wildlife},
	Number = {Tech. Publ. 39 DOW-R-T-39-91},
	Owner = {paul.conn},
	Timestamp = {2013.05.24},
	Title = {Black bears in west-central {C}olorado},
	Year = {1991}}

@article{Becker2010,
	Author = {Becker, E.A. and Forney, K.A. and Ferguson, M.C. and Foley, D.G. and Smith, R.C. and Barlow, J. and Redfern, J.V.},
	Journal = {Marine Ecology Progress Series},
	Owner = {paul.conn},
	Pages = {163-183},
	Timestamp = {2012.04.09},
	Title = {Comparing California Current cetacean-habitat models developed using {\it in situ} and remotely sensed sea surface temperature data},
	Volume = {413},
	Year = {2010}}

@article{Bengtson2005,
	Author = {Bengtson, J. L. and Hiruki-Raring, L. M. and Simpkins, M. A. and Boveng, P. L.},
	Journal = {Polar Biology},
	Owner = {paul.conn},
	Pages = {833-845},
	Timestamp = {2012.02.22},
	Title = {Ringed and bearded seal densities in the eastern {C}hukchi {S}ea, 1999-2000},
	Volume = {28},
	Year = {2005}}

@article{Benton2003,
	Author = {Benton, D. and Krishnamoorthy, K. and Mathew, T.},
	Journal = {The Statistician},
	Owner = {paul.conn},
	Pages = {15-39},
	Timestamp = {2013.05.24},
	Title = {Inferences in multivariate-univariate calibration problems},
	Volume = {52},
	Year = {2003}}

@Book{Berger2013,
  author        = {Berger, James O},
  title         = {Statistical decision theory and Bayesian analysis},
  year          = {2013},
  publisher     = {Springer Science \& Business Media},
  __markedentry = {[paul.conn:]},
  address       = {New York},
  owner         = {paul.conn},
  timestamp     = {2016.03.02},
}

@incollection{Berliner1996,
	Address = {Dordrecht, The Netherlands},
	Author = {Berliner, L.M.},
	Booktitle = {Maximum Entropy and Bayesian Methods},
	Owner = {paul.conn},
	Pages = {15-22},
	Publisher = {Kluwer Academic Publishers},
	Timestamp = {2011.06.14},
	Title = {Hierarchical Bayesian time-series models},
	Year = {1996}}

@incollection{Berliner1996,
	Address = {Dordrecht, The Netherlands},
	Author = {Berliner, L.M.},
	Booktitle = {Maximum Entropy and Bayesian Methods},
	Owner = {paul.conn},
	Pages = {15-22},
	Publisher = {Kluwer Academic Publishers},
	Timestamp = {2011.06.14},
	Title = {Hierarchical {B}ayesian time-series models},
	Year = {1996}}

@unpublished{Bernard:2011dq,
	Author = {D. R. Bernard and S. J. Jefferies and G. Knapp and A. W. Trites},
	Title = {An Independent, Scientific Review of the {B}iological {O}pinion (2010) of the {F}isheries {M}anagement {P}lan for the {B}ering {S}ea/{A}leutian {I}slands {M}anagement {A}reas},
	Year = {2011}}

@incollection{Bernardo2003,
	Address = {Oxford},
	Author = {Bernardo, J. M. and Ju\'{a}rez, M. A.},
	Booktitle = {Bayesian Statistics},
	Editor = {Bernardo, J. M. and Bayarri, M. J. and Berger, J. O. and Dawid, A. P. and Heckerman, D. and Smith, A. F. M. and West, M.},
	Owner = {paul.conn},
	Pages = {465-476},
	Publisher = {Oxford University Press},
	Timestamp = {2013.05.24},
	Title = {Intrinsic estimation},
	Year = {2003}}

@article{Besag1974,
	Author = {Besag, J.},
	Journal = {Journal of the Royal Statistical Society B},
	Owner = {xconn},
	Pages = {192-236},
	Timestamp = {2011.06.22},
	Title = {Spatial interaction and the statistical analysis of lattice systems},
	Volume = {36},
	Year = {1974}}

@article{Besag1995,
	Author = {Besag, J. and Kooperberg, C.},
	Journal = {Biometrika},
	Owner = {paul.conn},
	Pages = {733-746},
	Timestamp = {2011.09.13},
	Title = {On conditional and intrinsic autoregressions},
	Volume = {82},
	Year = {1995}}

@article{Besag1991,
	Author = {Besag, J. and York, J. and Mollie, A.},
	Journal = {Annal of the Institute of Statistical Mathematics},
	Owner = {paul.conn},
	Pages = {1-20},
	Timestamp = {2011.09.13},
	Title = {Bayesian image-restoration, with 2 applications in spatial statistics},
	Volume = {43},
	Year = {1991}}

@article{Besbeas2005,
	Author = {Besbeas, P. and Freeman, S. N. and Morgan, B. J. T.},
	Journal = {Australian \& New Zealand Journal of Statistics},
	Owner = {paul.conn},
	Pages = {35-48},
	Timestamp = {2013.05.24},
	Title = {The potential of integrated population modelling},
	Volume = {47},
	Year = {2005}}

@article{Besbeas2002,
	Author = {Besbeas, P. and Freeman, S. N. and Morgan, B. J. T. and Catchpole, E. A.},
	Journal = {Biometrics},
	Owner = {paul.conn},
	Pages = {540-547},
	Timestamp = {2013.05.24},
	Title = {Integrating mark-recapture-recovery and census data to estimate animal abundance and demographic parameters},
	Volume = {58},
	Year = {2002}}

@article{Beverton1992,
	Author = {Beverton, R. J. H.},
	Journal = {Journal of Fish Biology},
	Owner = {paul.conn},
	Pages = {137-160},
	Timestamp = {2013.05.24},
	Title = {Patterns of reproductive strategy parameters in some marine teleost fishes},
	Volume = {41},
	Year = {1992}}

@article{Beverton1957,
	Author = {Beverton, R. J. H. and Holt, S. J.},
	Journal = {U.K. Ministry of Agriculture and Fisheries, Fisheries Investigations (Series 2)},
	Owner = {paul.conn},
	Pages = {1-533},
	Timestamp = {2013.05.24},
	Title = {On the dynamics of exploited fish populations},
	Volume = {19},
	Year = {1957}}

@book{Bishop1975,
	Address = {Cambridge, MA, USA},
	Author = {Bishop, Y M M and Fienberg, S E and Holland, P W},
	Owner = {paul.conn},
	Publisher = {The MIT Press},
	Timestamp = {2013.05.24},
	Title = {Discrete Multivariate Analysis: Theory and Practice},
	Year = {1975}}

@article{Bled2011,
	Author = {Bled, F. and Royle, J.A. and Cam, E.},
	Journal = {Ecological Applications},
	Owner = {paul.conn},
	Pages = {290-302},
	Timestamp = {2011.06.10},
	Title = {Hierarchical modeling of an invasive spread: the Eurasian collared-cove {\it {S}treptopelia decaocto} in the United States},
	Volume = {21},
	Year = {2011}}

@article{BlumsteinEtAl2011,
	Author = {Blumstein, D. T. and Mennill, D. J. and Clemins, P. and Girod, L. and Yao, K. and Patricelli, G. and Deppe, J. L. and Krakauer, A. H. and Clark, C. and Cortopassi, K. A. and Hanser, S. F. and McCowan, B.},
	Journal = {Journal of Applied Ecology},
	Owner = {paul.conn},
	Pages = {758-767},
	Timestamp = {2013.07.22},
	Title = {Acoustic monitoring in terrestrial environments using microphone arrays: applications, technological considerations and prospectus},
	Volume = {48},
	Year = {2011}}

@book{Borchers2002,
	Address = {London, U.K.},
	Author = {Borchers, D.L. and Buckland, S.T. and Zucchini, W.},
	Owner = {paul.conn},
	Publisher = {Springer-Verlag},
	Timestamp = {2012.03.06},
	Title = {Estimating Animal Abundance: Closed Populations},
	Year = {2002}}

@article{Borchers1998,
	Author = {Borchers, DL and Zucchini, W. and Fewster, R.M.},
	Journal = {Biometrics},
	Owner = {paul.conn},
	Pages = {1207-1220},
	Timestamp = {2011.10.04},
	Title = {Mark-recapture models for line transect surveys},
	Volume = {54},
	Year = {1998}}

@article{Borchers2006,
	Author = {Borchers, D. L. and Laake, J. L. and Southwell, C. and Paxton, C. G. M.},
	Journal = {Biometrics},
	Owner = {paul.conn},
	Pages = {372-378},
	Timestamp = {2013.05.24},
	Title = {Accomodating unmodeled heterogeneity in double-observer distance sampling surveys},
	Volume = {62},
	Year = {2006}}

@article{BornEtAl1999,
	Author = {Born, E. W. and Figet, F. F. and Dietz, R. and Andriashek, D.},
	Journal = {Polar Biology},
	Owner = {paul.conn},
	Pages = {171-178},
	Timestamp = {2015.03.11},
	Title = {Escape responses of hauled out ringed seals (Phoca hispida) to aircraft disturbance},
	Volume = {21},
	Year = {1999}}

@article{Boulanger2001,
	Author = {Boulanger, J. and McLellan, B.},
	Journal = {Canadian Journal of Zoology},
	Owner = {paul.conn},
	Pages = {642--651},
	Timestamp = {2013.05.24},
	Title = {Closure violation in {DNA}-based mark-recapture estimation of grizzly bear populations},
	Volume = {79},
	Year = {2001}}

@Article{Box1980,
  author        = {Box, George EP},
  title         = {Sampling and Bayes' inference in scientific modelling and robustness},
  year          = {1980},
  volume        = {143},
  pages         = {383--430},
  __markedentry = {[paul.conn:]},
  journal       = {Journal of the Royal Statistical Society. Series A (General)},
  owner         = {paul.conn},
  publisher     = {JSTOR},
  timestamp     = {2016.03.02},
}

@book{Box1987,
	Address = {New York, NY, USA},
	Author = {Box, G. E. P. and Draper, N. R.},
	Owner = {paul.conn},
	Publisher = {John Wiley \& Sons},
	Timestamp = {2013.05.24},
	Title = {Empirical Model-Bulding and Response Surfaces},
	Year = {1987}}

@article{BoxDraper1959,
	Author = {Box, G. E. P. and Draper, N. R.},
	Journal = {Journal of the American Statistical Association},
	Owner = {paul.conn},
	Pages = {622-654},
	Timestamp = {2014.12.12},
	Title = {A basis for the selection of a response surface design},
	Volume = {54},
	Year = {1959}}

@book{BoxEtAl2008,
	Address = {Hoboken, New Jersey},
	Author = {Box, G. E. P. and Jenkins, G. M. and Reinsel, G. C.},
	Owner = {paul.conn},
	Publisher = {Wiley},
	Timestamp = {2013.12.06},
	Title = {Time series analysis: forecasting and control, 4th edition},
	Year = {2008}}

@article{Brodziak2005,
	Author = {Brodziak, J. and Legault, C. M.},
	Journal = {Canadian Journal of Fisheries and Aquatic Sciences},
	Owner = {paul.conn},
	Pages = {544-562},
	Timestamp = {2013.05.24},
	Title = {Model averaging to estimate rebuilding targets for overfished stocks},
	Volume = {62},
	Year = {2005}}

@article{BromaghinEtAlInPress,
	Author = {Bromaghin, J. F. and McDonald, T. L. and Stirling, I. and Derocher, A. E. and Richardson, E. S. and Regehr, E. V. and Douglas, D. C. and Durner, G. M. and Atwood, T. and Amstrup, S. C.},
	Journal = {Ecological Applications},
	Owner = {paul.conn},
	Timestamp = {2015.03.11},
	Title = {Polar bear population dynamics in the southern {B}eaufort {S}ea during a period of sea ice decline},
	Year = {In Press}}

@article{Brooks2009,
	Author = {Brooks, E. N. and Powers, J. E. and Cort\'{e}s},
	Journal = {ICES Journal of Marine Science},
	Owner = {paul.conn},
	Pages = {000-000.},
	Timestamp = {2013.05.24},
	Title = {Analytic reference points for age-sturctured models: Application to data-poor fisheries},
	Volume = {67},
	Year = {2009}}

@inproceedings{Brooks1999a,
	Author = {Brooks, S. P.},
	Booktitle = {Bayesian Statistics 6},
	Editor = {Bernardo, J. M. and Berger, J. O. and Dawid, A. P. and Smith, A. F. M.},
	Owner = {paul.conn},
	Pages = {723--731},
	Publisher = {Oxford University Press},
	Timestamp = {2013.05.24},
	Title = {Bayesian analysis of animal abundance data via {MCMC}},
	Year = {1999}}

@article{Brooks1997,
	Author = {Brooks, S. P.},
	Journal = {The Statistician},
	Owner = {paul.conn},
	Pages = {69--100},
	Timestamp = {2013.05.24},
	Title = {Markov chain {Monte} {Carlo} method and its application},
	Volume = {47},
	Year = {1997}}

@article{Brooks2000,
	Author = {Brooks, S. P. and Catchpole, E. A. and Morgan, B. J. T.},
	Journal = {Statistical Science},
	Owner = {paul.conn},
	Pages = {357-376},
	Timestamp = {2013.05.24},
	Title = {{Bayesian} animal survival estimation},
	Volume = {15},
	Year = {2000}}

@article{Brooks1999,
	Author = {Brooks, S P and Roberts, G O},
	Journal = {Statistics and Computing},
	Owner = {paul.conn},
	Pages = {319--335},
	Timestamp = {2013.05.24},
	Title = {Assessing convergence of {M}arkov Chain {M}onte {C}arlo algorithms},
	Volume = {8},
	Year = {1999}}

@article{Brown1982,
	Author = {Brown, P. J.},
	Journal = {Journal of the Royal Statistical Society, Series B (Methodological)},
	Owner = {paul.conn},
	Pages = {287-321},
	Timestamp = {2013.05.24},
	Title = {Multivariate calibration},
	Volume = {44},
	Year = {1982}}

@booklet{Brownie1985,
	Address = {Washington, DC},
	Author = {Brownie, C. and Anderson, D. R. and Burnham, K. P. and Robson, D. S.},
	Howpublished = {US Fish and Wildlife Resource Publication (156)},
	Owner = {paul.conn},
	Timestamp = {2013.05.24},
	Title = {Statistical Inference From Band Recovery Data: A Handbook},
	Year = {1985}}

@article{Brownie1993,
	Author = {Brownie, C. and Hines, J. E. and Nichols, J. D. and Pollock, K. H. and Hestbeck, J. B.},
	Journal = {Biometrics},
	Owner = {paul.conn},
	Pages = {1173-1187},
	Timestamp = {2013.05.24},
	Title = {Capture-recapture studies for multiple strata including non-Markovian transitions},
	Volume = {49},
	Year = {1993}}

@article{Buckland2006,
	Author = {Buckland, ST},
	Journal = {Auk},
	Owner = {paul.conn},
	Pages = {345-357},
	Timestamp = {2011.10.04},
	Title = {Point-transect surveys for songbirds: robust methodologies},
	Volume = {123},
	Year = {2006}}

@book{BucklandEtAl2001,
	Address = {Oxford, U.K.},
	Author = {Buckland, S.T. and Anderson, D.R. and Burnham, K.P. and Laake, J.L. and Borchers, D.L. and Thomas, L.},
	Owner = {paul.conn},
	Publisher = {Oxford University Press},
	Timestamp = {2011.06.10},
	Title = {Introduction to Distance Sampling: Estimating the abundance of biological populations},
	Year = {2001}}

@article{Buckland2010,
	Author = {Buckland, S.T. and Laake, J.L. and Borchers, D.L.},
	Journal = {Biometrics},
	Owner = {paul.conn},
	Pages = {169-177},
	Timestamp = {2011.10.05},
	Title = {Double-observer line transect methods: Levels of independence},
	Volume = {66},
	Year = {2010}}

@article{Buckland2004,
	Author = {Buckland, S. T. and Newman, K. B. and Thomas, L. and Koester, N.},
	Journal = {Ecological Modelling},
	Owner = {paul.conn},
	Pages = {157-175},
	Timestamp = {2013.05.24},
	Title = {State-space models for dynamics of wild animal populations},
	Volume = {171},
	Year = {2004}}

@article{Burnham1980,
	Author = {Burnham, K.P. and Anderson, D.R. and Laake, J.L.},
	Journal = {Wildlife Monographs},
	Owner = {paul.conn},
	Pages = {7-202},
	Timestamp = {2011.10.04},
	Title = {Estimation of density for line transect sampling of biological populations},
	Volume = {72},
	Year = {1980}}

@incollection{Burnham1993a,
	Address = {Switzerland},
	Author = {Burnham, K. P.},
	Booktitle = {Marked Individuals in the Study of Bird Populations},
	Editor = {Lebreton, J. -D. and North, P. M.},
	Owner = {paul.conn},
	Pages = {199--213},
	Publisher = {Birkhauser},
	Timestamp = {2013.05.24},
	Title = {A theory for combined analysis of ring recovery and recapture data},
	Year = {1993}}

@book{BurnhamAnderson2002,
	Address = {New York},
	Author = {Burnham, K. P. and Anderson, D. R.},
	Owner = {paul.conn},
	Publisher = {Springer-Verlag},
	Timestamp = {2013.05.24},
	Title = {Model selection and multimodel inference: a practical information-theoretic approach, 2nd Edition},
	Year = {2002}}

@article{Burnham1987,
	Author = {Burnham, K. P. and Anderson, D. R. and White, G. C. and Brownie, C. and Pollock, K. H.},
	Journal = {American Fisheries Society Monograph},
	Owner = {paul.conn},
	Pages = {1-437},
	Timestamp = {2013.05.24},
	Title = {Design and analysis methods for fish survival experiments based on release-recapture},
	Volume = {5},
	Year = {1987}}

@article{Burnham1979,
	Author = {Burnham, K. P. and Overton, W. S.},
	Journal = {Ecology},
	Owner = {paul.conn},
	Pages = {927--936},
	Timestamp = {2013.05.24},
	Title = {Robust estimation of population-size when capture probabilities vary among animals},
	Volume = {60},
	Year = {1979}}

@article{Burnham1993,
	Author = {Burnham, K. P. and Rexstad, E. A.},
	Journal = {Biometrics},
	Owner = {paul.conn},
	Pages = {1194-1208},
	Timestamp = {2013.05.24},
	Title = {Modeling heterogeneity in survival rates of banded waterfowl},
	Volume = {49},
	Year = {1993}}

@article{Bystrak1981,
	Author = {Bystrak, D.},
	Journal = {Studies in Avian Biology},
	Owner = {paul.conn},
	Pages = {34-41},
	Timestamp = {2012.06.04},
	Title = {The North American Breeding Bird Survey},
	Volume = {6},
	Year = {1981}}

@article{Calambokidis2004,
	Author = {Calambokidis, J. and Barlow, J.},
	Journal = {Marine Mammal Science},
	Owner = {paul.conn},
	Pages = {63-85},
	Timestamp = {2009.12.21},
	Title = {Abundance of blue and humpback whales in the eastern North Pacific estimated by capture-recapture and line-transect methods},
	Volume = {20},
	Year = {2004}}

@incollection{CalderEtAl2002,
	Author = {Calder, C. A. and Holloman, C. and Higdon, D.},
	Booktitle = {Case Studies in Bayesian Statistics 6},
	Editor = {Gatssonis, C. and Kass, R. E. and Carriquiry, A. and Gelman, A. and Higdon, D. and Pauler, D. K. and Verdinelli, I.},
	Owner = {paul.conn},
	Pages = {165-176},
	Publisher = {Springer-Verlag},
	Timestamp = {2013.12.13},
	Title = {Exploring space-time structure in ozone concentration using a dynamic process convolution model},
	Year = {2002}}

@article{Caley2002,
	Author = {Caley, P. and Hone, J.},
	Journal = {Journal of Animal Ecology},
	Owner = {paul.conn},
	Pages = {44-54},
	Timestamp = {2013.05.24},
	Title = {Estimating the force of infection; {\it Mycobacterium bovis} infection in feral ferrets {\it Mustela furo} in New Zealand},
	Volume = {71},
	Year = {2002}}

@techreport{Calkins:2008ve,
	Author = {D. Calkins},
	Institution = {North Pacific Wildlife Consulting, LLC.},
	Title = {Final Report: Fixed gear - marine mammal interaction study},
	Year = {2008}}

@article{Calver2005,
	Author = {Calver, A. M. and Gauthier, G.},
	Journal = {Journal of Applied Ecology},
	Owner = {paul.conn},
	Pages = {442--454},
	Timestamp = {2013.05.24},
	Title = {Effects of exceptional conservation measures on survival and seasonal hunting mortality in greater snow geese},
	Volume = {42},
	Year = {2005}}

@article{Calvert2009,
	Author = {Calvert, A. M. and Bonner, S. J. and Jonsen, I. D. and Fleming, J. M. and Walde, S. J. and Taylor, P. D.},
	Journal = {Jounral of Applied Ecology},
	Owner = {paul.conn},
	Pages = {610-620},
	Timestamp = {2012.08.27},
	Title = {A hierarchical Bayesian approach to multi-state mark-recapture: simulations and applications},
	Volume = {46},
	Year = {2009}}

@article{Cam2002,
	Author = {Cam, E. and Link, W. A. and Cooch, E. G. and Monnat, J. Y. and Danchin, E.},
	Journal = {American Naturalist},
	Owner = {paul.conn},
	Pages = {96--105},
	Timestamp = {2013.05.24},
	Title = {Individual covariation in life-history traits: Seeing the trees despite the forest},
	Volume = {159},
	Year = {2002}}

@article{Campell2005,
	Author = {Campell, C. L. and Lagueux, C. J.},
	Journal = {Herpetologica},
	Owner = {paul.conn},
	Pages = {81--103},
	Timestamp = {2013.05.24},
	Title = {Survival probability estimates for large juvenile and adult green turtles (Chelonia mydas) exposed to an artisanal marine fishery in the western Caribbean},
	Volume = {61},
	Year = {2005}}

@article{Carlin1995,
	Author = {Carlin, B.P. and Chib, S.},
	Journal = {Journal of the Royal Statistical Society B},
	Owner = {paul.conn},
	Pages = {473-485},
	Timestamp = {2011.10.06},
	Title = {Bayesian model choice via {M}arkov chain {M}onte {C}arlo methods},
	Volume = {57},
	Year = {1995}}

@book{Carlin2000,
	Address = {Boca Raton, FL},
	Author = {Carlin, B.P. and Louis, T.A.},
	Owner = {paul.conn},
	Publisher = {Chapman \& Hall / CRC Press},
	Timestamp = {2013.05.24},
	Title = {Bayes and Empirical Bayes Methods for Data Analysis, 2nd Edition.},
	Year = {2000}}

@article{Carothers1973,
	Author = {Carothers, A. D.},
	Journal = {Biometrics},
	Owner = {paul.conn},
	Pages = {79-100},
	Timestamp = {2013.05.24},
	Title = {Effects of unequal catchability on Jolly-Seber estimates},
	Volume = {29},
	Year = {1973}}

@article{CarterKohn1994,
	Author = {Carter, C. K. and Kohn, R.},
	Journal = {Biometrika},
	Owner = {paul.conn},
	Pages = {541-553},
	Timestamp = {2014.02.03},
	Title = {On {G}ibbs sampling for state space models},
	Volume = {81},
	Year = {1994}}

@Book{CasellaBerger1990,
  author    = {Casella, G. and Berger, R. L.},
  title     = {Statistical Inference},
  year      = {1990},
  publisher = {Duxbury Press},
  address   = {Belmont, California},
  owner     = {paul.conn},
  timestamp = {2013.05.24},
}

@article{CaseltonZidek1984,
	Author = {Caselton, W. F. and Zidek, J. V.},
	Journal = {Statistics \& Probability Letters},
	Number = {4},
	Pages = {223--227},
	Publisher = {Elsevier},
	Title = {Optimal monitoring network designs},
	Volume = {2},
	Year = {1984}}

@book{Caswell2001,
	Address = {Sunderland, MA},
	Author = {Caswell, H.},
	Owner = {paul.conn},
	Publisher = {Sinauer},
	Timestamp = {2013.05.24},
	Title = {Matrix Population Models, 2nd Edition},
	Year = {2001}}

@article{Catchpole1998,
	Author = {Catchpole, E. A. and Freeman, S. N. and Morgan, B. J. T. and Harris, M. P.},
	Journal = {Biometrics},
	Owner = {paul.conn},
	Pages = {292--304},
	Timestamp = {2013.05.24},
	Title = {Integrated Recovery/recapture Data analysis},
	Volume = {54},
	Year = {1998}}

@article{Catchpole1997,
	Author = {Catchpole, E. A. and Morgan, B. J. T.},
	Journal = {Biometrics},
	Owner = {paul.conn},
	Pages = {187-196},
	Timestamp = {2013.05.24},
	Title = {Detecting parameter redundancy},
	Volume = {84},
	Year = {1997}}

@article{Catchpole1996,
	Author = {Catchpole, E. A. and Morgan, B. J. T.},
	Journal = {Biometrics},
	Owner = {paul.conn},
	Pages = {664-672},
	Timestamp = {2013.05.24},
	Title = {Model selection in ring-recovery models using score tests},
	Volume = {52},
	Year = {1996}}

@article{Catchpole1994,
	Author = {Catchpole, E. A. and Morgan, B. J. T.},
	Journal = {J.R. Statist.Soc.~B},
	Number = {2},
	Owner = {paul.conn},
	Pages = {917--919},
	Timestamp = {2013.05.24},
	Title = {Boundary estimation in ring-recovery models},
	Volume = {56},
	Year = {1994}}

@techreport{Catchpole1992,
	Address = {University of Kent, Canterbury, England},
	Author = {Catchpole, E. A. and Morgan, B. J. T.},
	Institution = {Institute of Mathematics and Statistics},
	Number = {UKC/IMS/S92/9},
	Owner = {paul.conn},
	Timestamp = {2013.05.24},
	Title = {Aspects of boundary estimation in ring-recovery models},
	Year = {1992}}

@book{Caughley1977,
	Address = {London},
	Author = {Caughley, G.},
	Owner = {paul.conn},
	Publisher = {Wiley},
	Timestamp = {2013.05.24},
	Title = {Analysis of vertebrate populations},
	Year = {1977}}

@article{Celeux2006,
	Author = {Celeux, G. and Forbes, F. and Robert, C.P. and Titterington, D.M.},
	Journal = {Bayesian Analysis},
	Owner = {paul.conn},
	Pages = {651-674},
	Timestamp = {2012.01.23},
	Title = {Deviance information criterion for missing data models},
	Volume = {1},
	Year = {2006}}

@electronic{Center2008updateddaily,
	Address = {Boulder, Colorado},
	Author = {National Ice Center},
	Howpublished = {Digital media},
	Organization = {National Snow and Ice Data Center},
	Owner = {paul.conn},
	Timestamp = {2012.07.23},
	Title = {IMS daily Northern Hemisphere snow and ice analysis at 4km and 24km resolution},
	Year = {2008, updated daily}}

@electronic{Center2008updateddaily,
	__Markedentry = {[paul.conn:]},
	Address = {Boulder, Colorado},
	Author = {National Ice Center},
	Howpublished = {Digital media},
	Organization = {National Snow and Ice Data Center},
	Owner = {paul.conn},
	Timestamp = {2012.07.23},
	Title = {IMS daily Northern Hemisphere snow and ice analysis at 4km and 24km resolution},
	Year = {2008, updated daily}}

@electronic{Center2008updateddaily,
	Address = {Boulder, Colorado},
	Author = {National Ice Center},
	Howpublished = {Digital media},
	Organization = {National Snow and Ice Data Center},
	Owner = {paul.conn},
	Timestamp = {2012.07.23},
	Title = {IMS daily Northern Hemisphere snow and ice analysis at 4km and 24km resolution},
	Year = {2008, updated daily}}

@article{ChakrabortyEtAl2010,
	Author = {Chakraborty, Avishek and Gelfand, Alan E and Wilson, Adam M and Latimer, Andrew M and Silander Jr, John A},
	Journal = {The Annals of Applied Statistics},
	Pages = {1403--1429},
	Publisher = {JSTOR},
	Title = {Modeling large scale species abundance with latent spatial processes},
	Year = {2010}}

@article{ChandlerEtAl2011,
	Author = {Chandler, R. B. and Royle, J. A. and King, D. I.},
	Journal = {Ecology},
	Owner = {paul.conn},
	Pages = {1429-1435},
	Timestamp = {2013.12.23},
	Title = {Inference about density and temporary emigration in unmarked populations},
	Volume = {92},
	Year = {2011}}

@article{Chaney2003,
	Author = {Chaney, R. C. and Blemings, K. P. and Bonner, J. and Klandorf, H.},
	Journal = {Auk},
	Owner = {paul.conn},
	Pages = {394--399},
	Timestamp = {2013.05.24},
	Title = {Pentosodine as a measure of chronological age in wild birds},
	Volume = {120},
	Year = {2003}}

@book{Charnov1993,
	Address = {Oxford},
	Author = {Charnov, E. L.},
	Owner = {paul.conn},
	Publisher = {Oxford University Press},
	Timestamp = {2013.05.24},
	Title = {Life history invariants: some explorations of symmetry in evolutionary ecology},
	Year = {1993}}

@article{Chelgren2011,
	Author = {Chelgren, N. D. and Samora, B. and Adams, M. J. and Mc{C}reary, B.},
	Journal = {Herpetological Conservation and Biology},
	Owner = {paul.conn},
	Pages = {175-190},
	Timestamp = {2012.01.20},
	Title = {Using spatiotemporal models and distance sampling to map the space use and abundance of newly metamorphosed western toads ({A}naxyrus boreas)},
	Volume = {6},
	Year = {2011}}

@article{Chen2004,
	Author = {Chen, D. G.},
	Journal = {North American Journal of Fisheries Management},
	Owner = {paul.conn},
	Pages = {724-730},
	Timestamp = {2013.05.24},
	Title = {Bias and bias correction in fish recruitment prediction},
	Volume = {24},
	Year = {2004}}

@book{Chen2000,
	Address = {New York},
	Author = {Chen, M. -H. and Shao, Q. -M. and Ibrahim, J. G.},
	Owner = {paul.conn},
	Publisher = {Springer},
	Timestamp = {2013.05.24},
	Title = {Monte Carlo Methods in Bayesian Computation},
	Year = {2000}}

@book{ChernookEtAl1999,
	Address = {Murmansk, Russia},
	Author = {Chernook, V. I. and Kuznetsov, N. B. and Yakovenko, M. Ya.},
	Note = {(in Russian)},
	Owner = {paul.conn},
	Publisher = {PINRO Publications},
	Timestamp = {2013.07.22},
	Title = {Multispectral aerial survey of haulouts of ice seals},
	Year = {1999}}

@misc{Choquet2007a,
	Author = {Choquet, R.},
	Owner = {paul.conn},
	Timestamp = {2013.05.24},
	Title = {E-SURGE 1-0 user's manual. CEFE UMR 5175, Montpellier, France.},
	Url = {http://ftp.cefe.cnrs.fr/biom/Soft-CR/},
	Year = {2007},
	Bdsk-Url-1 = {http://ftp.cefe.cnrs.fr/biom/Soft-CR/}}

@misc{Choquet2007a,
	Author = {Choquet, R.},
	Owner = {paul.conn},
	Timestamp = {2013.05.24},
	Title = {E-SURGE 1-0 user's manual. CEFE UMR 5175, Montpellier, France.},
	Url = {http://ftp.cefe.cnrs.fr/biom/Soft-CR/},
	Year = {2007},
	Bdsk-Url-1 = {http://ftp.cefe.cnrs.fr/biom/Soft-CR/}}

@misc{Choquet2007a,
	Author = {Choquet, R.},
	Owner = {paul.conn},
	Timestamp = {2013.05.24},
	Title = {E-SURGE 1-0 user's manual. CEFE UMR 5175, Montpellier, France.},
	Url = {http://ftp.cefe.cnrs.fr/biom/Soft-CR/},
	Year = {2007},
	Bdsk-Url-1 = {http://ftp.cefe.cnrs.fr/biom/Soft-CR/}}

@article{Choquet2004,
	Author = {Choquet, R. and Reboulet, A. -M. and Pradel, R. and Gimenez, O. and Lebreton, J. -D.},
	Journal = {Biodiversity and Conservation},
	Owner = {paul.conn},
	Pages = {207-215},
	Timestamp = {2013.05.24},
	Title = {M-SURGE: new software specifically designed for multistate capture-recapture models},
	Volume = {27},
	Year = {2004}}

@unpublished{Choquet2007,
	Author = {Choquet, R. and Rouan, L. and Pradel, R.},
	Journal = {Environmental and Ecological Statistics},
	Owner = {paul.conn},
	Timestamp = {2013.05.24},
	Title = {Program E-SURGE: a software application for fitting multievent models},
	Year = {2007}}

@article{ChoquetEtAl,
	Author = {Choquet, R{\'e}mi and Lebreton, Jean-Dominique and Gimenez, Olivier and Reboulet, Anne-Marie and Pradel, Roger},
	Journal = {Ecography},
	Number = {6},
	Pages = {1071--1074},
	Publisher = {Wiley Online Library},
	Title = {U-CARE: Utilities for performing goodness of fit tests and manipulating CApture--REcapture data},
	Volume = {32},
	Year = {2009}}

@article{ChoquetEtAl2009,
	__Markedentry = {[paul.conn:]},
	Author = {Choquet, R{\'e}mi and Lebreton, Jean-Dominique and Gimenez, Olivier and Reboulet, Anne-Marie and Pradel, Roger},
	Journal = {Ecography},
	Number = {6},
	Owner = {paul.conn},
	Pages = {1071--1074},
	Publisher = {Wiley Online Library},
	Timestamp = {2016.03.02},
	Title = {U-CARE: Utilities for performing goodness of fit tests and manipulating CApture--REcapture data},
	Volume = {32},
	Year = {2009}}

@article{Choy2009,
	Author = {Choy, S.L. and O'Leary R. and Mengersen, K.},
	Journal = {Ecology},
	Owner = {paul.conn},
	Pages = {265-277},
	Timestamp = {2012.06.07},
	Title = {Elicitation by design in ecology: using expert opinion to inform priors for {B}ayesian statistical models},
	Volume = {90},
	Year = {2009}}

@article{Clark2005a,
	Author = {Clark, J.S.},
	Journal = {Ecology Letters},
	Owner = {paul.conn},
	Pages = {2-14},
	Timestamp = {2011.06.13},
	Title = {Why environmental scientists are becoming Bayesians},
	Volume = {8},
	Year = {2005}}

@article{ClarkBjornstad2004,
	__Markedentry = {[paul.conn:]},
	Author = {Clark, James S and Bj{\o}rnstad, Ottar N},
	Journal = {Ecology},
	Number = {11},
	Owner = {paul.conn},
	Pages = {3140--3150},
	Publisher = {Eco Soc America},
	Timestamp = {2016.03.02},
	Title = {Population time series: process variability, observation errors, missing values, lags, and hidden states},
	Volume = {85},
	Year = {2004}}

@article{Clark2005,
	Author = {Clark, J. S. and Ferraz, G. and Oguge, N. and Hays, H. and Di{C}ostanzo, J.},
	Journal = {Ecology},
	Owner = {paul.conn},
	Pages = {2232-2244},
	Timestamp = {2012.08.28},
	Title = {Hierarchical {B}ayes for structured, variable populations: from recapture data to life-history prediction},
	Volume = {86},
	Year = {2005}}

@article{Clark2004,
	Author = {Clark, W. G.},
	Journal = {Canadian Journal of Fisheries and Aquatic Sciences},
	Owner = {paul.conn},
	Pages = {1881-1889},
	Timestamp = {2013.05.24},
	Title = {Nonparametric estimates of age misclassification from paired readings},
	Volume = {61},
	Year = {2004}}

@incollection{Cleveland1992,
	Author = {Cleveland, W. S. and Grosse, E. and Shyu, W. M.},
	Booktitle = {Statistical Models in S},
	Editor = {Chambers, J. M. and Hastie, T. J.},
	Owner = {paul.conn},
	Publisher = {Wadsworth},
	Timestamp = {2013.05.24},
	Title = {Local regression models},
	Year = {1992}}

@book{Cochran1977,
	Address = {New York},
	Author = {Cochran, W.G.},
	Owner = {paul.conn},
	Publisher = {Wiley},
	Timestamp = {2012.03.02},
	Title = {Sampling Techniques, 3rd Edition},
	Year = {1977}}

@article{Cohen1973,
	Author = {Cohen, J. E.},
	Journal = {American Naturalist},
	Owner = {paul.conn},
	Pages = {199-212},
	Timestamp = {2013.05.24},
	Title = {Selective host mortality in a catalytic model applied to schistosomiasis},
	Volume = {107},
	Year = {1973}}

@book{Collett2003,
	Address = {Boca Raton, Florida},
	Author = {Collett, D.},
	Owner = {paul.conn},
	Publisher = {Chapman \& Hall/CRC},
	Timestamp = {2012.06.27},
	Title = {Modelling {B}inary Data, 2nd Edition},
	Year = {2003}}

@article{Comiso2012,
	Author = {Comiso, J. C.},
	Journal = {Journal of Climate},
	Owner = {paul.conn},
	Pages = {1176-1193},
	Timestamp = {2015.03.12},
	Title = {Large decadal decline of the {A}rctic multiyear ice cover},
	Volume = {25},
	Year = {2012}}

@Book{Congdon2014,
  author        = {Congdon, Peter},
  title         = {Applied {B}ayesian modelling},
  year          = {2014},
  volume        = {595},
  publisher     = {John Wiley \& Sons},
  __markedentry = {[paul.conn:]},
  address       = {Hoboken, New Jersey},
  owner         = {paul.conn},
  timestamp     = {2016.03.02},
}

@article{Conn2009a,
	Author = {Conn, P.B. and Cooch, E.G.},
	Journal = {Journal of Applied Ecology},
	Owner = {paul.conn},
	Pages = {486-492},
	Timestamp = {2011.12.28},
	Title = {Multistate capture-recapture analysis under imperfect state observation: an application to disease models},
	Volume = {46},
	Year = {2009}}

@article{Conn2010a,
	Author = {Conn, P.B. and Cooch, E.G. and Caley, P.},
	Journal = {Journal of Ornithology},
	Owner = {paul.conn},
	Pages = {1-10},
	Timestamp = {2011.08.11},
	Title = {Accounting for detection probability when estimating force-of-infection from animal encounter data},
	Volume = {Online early (DOI 10.1007/s10336-010-0591-z)},
	Year = {2010}}

@incollection{Conn2009,
	Author = {Conn, P.B. and White, G.C. and Laake, J.L.},
	Booktitle = {Modeling Demographic Processes in Marked Populations},
	Editor = {Thomson, D.L. and Cooch, E.G. and Conroy, M.J.},
	Owner = {paul.conn},
	Publisher = {Springer},
	Timestamp = {2011.09.14},
	Title = {Simulation performance of Bayesian estimators of abundance employing age-at-harvest and mark-recovery data},
	Year = {2009}}

@article{Conn2010,
	Author = {Conn, P. B.},
	Journal = {Canadian Journal of Fisheres and Aquatic Sciences},
	Owner = {paul.conn},
	Pages = {108-120},
	Timestamp = {2010.09.21},
	Title = {Hierarchical analysis of multiple noisy abundance indices},
	Volume = {67},
	Year = {2010}}

@phdthesis{Conn2007a,
	Address = {Fort Collins, CO, USA},
	Author = {Conn, P. B.},
	Owner = {paul.conn},
	School = {Colorado State University},
	Timestamp = {2013.05.24},
	Title = {Bayesian Analysis of Age-at-harvest Data, with Focus on Wildlife Monitoring Programs},
	Year = {2007}}

@article{Conn2006,
	Author = {Conn, P. B. and Arthur, A. D. and Bailey, L. L. and Singleton, G. R.},
	Journal = {Ecological Applications},
	Owner = {paul.conn},
	Pages = {829-837},
	Timestamp = {2013.05.24},
	Title = {Estimating the abundance of mouse populations of known size: promises and pitfalls of new methods},
	Volume = {16},
	Year = {2006}}

@article{Conn2007,
	Author = {Conn, P. B. and Diefenbach, D. R.},
	Journal = {Ecology},
	Owner = {paul.conn},
	Pages = {1977-1983},
	Timestamp = {2013.05.24},
	Title = {Adjusting age and stage distributions for misclassification errors},
	Volume = {88},
	Year = {2007}}

@article{Conn2008,
	Author = {Conn, P. B. and Diefenbach, D. R. and Laake, J. L. and Ternent, M. A. and White, G. C.},
	Journal = {Biometrics},
	Owner = {paul.conn},
	Pages = {1170-1177},
	Timestamp = {2010.01.21},
	Title = {Bayesian analysis of wildlife age-at-harvest data},
	Volume = {64},
	Year = {2008}}

@article{Conn2005,
	Author = {Conn, P. B. and Doherty Jr., P. F. and Nichols, J. D.},
	Journal = {Ecology},
	Owner = {paul.conn},
	Pages = {2536-2541},
	Timestamp = {2013.05.24},
	Title = {Comparative Demography of New World Populations of Thrushes (Turdus Spp.): Comment},
	Volume = {86},
	Year = {2005}}

@article{ConnEtAl2011,
	Author = {Conn, P. B. and Gorgone, A. M. and Jugovich, A. R. and Byrd, B. L. and Hansen, L. J.},
	Journal = {Journal of Wildlife Management},
	Owner = {paul.conn},
	Pages = {569-579},
	Timestamp = {2014.01.06},
	Title = {Accounting for transients when estimating abundance of bottlenose dolphins in Choctawhatchee Bay, Florida},
	Volume = {75},
	Year = {2011}}

@article{ConnEtAlUnpublished,
	Author = {Conn, P. B. and Johnson, D. S. and Boveng, P. L.},
	Journal = {Ecology},
	Owner = {paul.conn},
	Timestamp = {2015.01.21},
	Title = {On extrapolating past the range of observed data when making statistical predictions in ecology},
	Year = {Submitted}}

@article{Conn2012a,
	Author = {Conn, P. B. and Johnson, D. S. and London, J. M. and Boveng, P. L.},
	Journal = {Methods in Ecology and Evolution},
	Owner = {paul.conn},
	Timestamp = {2012.08.28},
	Title = {Accounting for missing data when assessing availability in animal population surveys: an application to ice-associated seals in the {B}ering {S}ea},
	Volume = {doi: 10.1111/j.2041-210X.2012.00238.x},
	Year = {2012}}

@article{ConnEtAl2015,
	Author = {Conn, P. B. and Johnson, D. S. and Ver Hoef, J. M. and Hooten, M. B. and London, J. M. and Boveng, P. L.},
	Journal = {Ecological Monographs},
	Owner = {paul.conn},
	Pages = {235-252},
	Timestamp = {2015.01.09},
	Title = {Using spatio-temporal statistical models to estimate animal abundance and infer ecological dynamics from survey counts},
	Volume = {85},
	Year = {2015}}

@article{Conn2012,
	Author = {Conn, P. B. and Laake, J. L. and Johnson, D. S.},
	Journal = {PLoS ONE},
	Owner = {paul.conn},
	Pages = {e42294},
	Timestamp = {2012.06.07},
	Title = {A hierarchical modeling framework for multiple observer transect surveys},
	Volume = {7},
	Year = {2012}}

@article{ConnInpress,
	Author = {Conn, P. B. and McClintock, B. T. and Cameron, M. F. and Johnson, D. S. and Moreland, E. E. and Boveng, P. L.},
	Journal = {Ecology},
	Owner = {paul.conn},
	Timestamp = {2013.04.01},
	Title = {Accommodating species identification errors in transect surveys},
	Year = {In press}}

@article{ConnEtAl2014,
	Author = {Conn, P. B. and Ver Hoef, J. M. and McClintock, B. T. and Moreland, E. E. and London, J. M. and Cameron, M. F. and Dahle, S. P. and Boveng, P. L.},
	Journal = {Methods in Ecology and Evolution},
	Owner = {paul.conn},
	Pages = {1280-1293},
	Timestamp = {2013.07.18},
	Title = {Estimating multi-species abundance using automated detection systems: ice-associated seals in the eastern {B}ering {S}ea},
	Volume = {5},
	Year = {2014}}

@article{1979,
	Author = {Connor, Edward F. and McCoy, Earl D.},
	Copyright = {Copyright � 1979 The University of Chicago},
	Issn = {00030147},
	Journal = {The American Naturalist},
	Jstor_Articletype = {research-article},
	Jstor_Formatteddate = {Jun., 1979},
	Language = {English},
	Number = {6},
	Owner = {paul.conn},
	Pages = {pp. 791-833},
	Publisher = {The University of Chicago Press for The American Society of Naturalists},
	Timestamp = {2015.01.20},
	Title = {The Statistics and Biology of the Species-Area Relationship},
	Url = {http://www.jstor.org/stable/2460305},
	Volume = {113},
	Year = {1979},
	Bdsk-Url-1 = {http://www.jstor.org/stable/2460305}}

@book{Cooch2005,
	Address = {http://www.phidot.org/software/mark/docs/book/},
	Author = {Cooch, E. G. and White, G. C.},
	Owner = {paul.conn},
	Timestamp = {2013.05.24},
	Title = {Program {MARK}: A {G}entle {I}ntroduction},
	Year = {2005}}

@article{Cook1979,
	Author = {Cook, R. D.},
	Journal = {Journal of the American Statistical Association},
	Owner = {paul.conn},
	Pages = {169-174},
	Timestamp = {2013.07.10},
	Title = {Influential observations in linear regression},
	Volume = {74},
	Year = {1979}}

@article{Corkrey2008,
	Author = {Corkrey, R. and Brooks, S. and Lusseau, D. and Parsons, K. and Durban, J. W. and Hammond, P. S. and Thompson, P. M.},
	Journal = {Journal of the American Statistical Association},
	Owner = {paul.conn},
	Pages = {948-960},
	Timestamp = {2009.12.21},
	Title = {A Bayesian capture-recapture population model with simulataneous estimation of heterogeneity},
	Volume = {103},
	Year = {2008}}

@article{Cornick:2006fu,
	Author = {Leslie A. Cornick and William Neill and William E. Grant},
	Journal = {Ecological Modelling},
	Pages = {107--114},
	Title = {Assessing competition between {S}teller sea lions and the commercial groundfishery in {A}laska: {A} bioenergetics modelling approach},
	Volume = {199},
	Year = {2006}}

@article{Costello2004,
	Author = {Costello, C. M. and Inman, K. H. and Jones, D. E. and Inman, R. M. and Thompson, B. C. and Quigley, H. B.},
	Journal = {Wildlife Society Bulletin},
	Owner = {paul.conn},
	Pages = {169-176},
	Timestamp = {2013.05.24},
	Title = {Reliability of the cementum annuli technique for estimating age of black bears in {N}ew {M}exico},
	Volume = {32},
	Year = {2004}}

@article{Cotter2004,
	Author = {Cotter, A.J.R. and Buckland, S.T.},
	Journal = {Mathematical Biosciences},
	Owner = {paul.conn},
	Pages = {1-7},
	Timestamp = {2013.05.24},
	Title = {Using the EM algorithm to weight data sets of unknown precision when modelling fish stocks},
	Volume = {190},
	Year = {2004}}

@book{Cox1984,
	Address = {London},
	Author = {Cox, D. R. and Oakes, D.},
	Owner = {paul.conn},
	Publisher = {Chapman and Hall},
	Timestamp = {2013.05.24},
	Title = {Analysis of Survival Data},
	Year = {1984}}

@Book{CoxSnell1989,
  author        = {Cox, David Roxbee and Snell, E Joyce},
  title         = {Analysis of binary data},
  year          = {1989},
  volume        = {32},
  publisher     = {CRC Press},
  __markedentry = {[paul.conn:]},
  address       = {Boca Raton, Florida},
  owner         = {paul.conn},
  timestamp     = {2016.03.02},
}

@article{Coy1992,
	Author = {Coy, P. L. and Garshelis, D. L.},
	Journal = {Canadian Journal of Zoology},
	Owner = {paul.conn},
	Pages = {2150-2160},
	Timestamp = {2013.05.24},
	Title = {Reconstructing reproductive histories of black bears from incremental layering in dental cementum},
	Volume = {70},
	Year = {1992}}

@article{CrainiceanuEtAl2005,
	Author = {Crainiceanu, C. P. and Ruppert, D. and Wand, M. P.},
	Journal = {Journal of Statistical Software},
	Owner = {paul.conn},
	Pages = {1-24},
	Timestamp = {2014.07.08},
	Title = {Bayesian analysis for penalized spline regression using {WinBUGS}},
	Volume = {14},
	Year = {2005}}

@book{Cressie1993,
	Address = {New York},
	Author = {Cressie, N. A. C.},
	Owner = {paul.conn},
	Publisher = {Wiley},
	Timestamp = {2013.07.09},
	Title = {Statistics for spatial data, revised edition.},
	Year = {1993}}

@article{CressieEtAl2009,
	Author = {Cressie, N. and Calder, C.A. and Clark, J.S. and Ver Hoef, J.M. and Wikle, C.K.},
	Journal = {Ecological Applications},
	Owner = {paul.conn},
	Pages = {553-570},
	Timestamp = {2011.06.13},
	Title = {Accounting for uncertainty in ecological analysis: the strengths and limitations of hierarchical statistical modeling},
	Volume = {19},
	Year = {2009}}

@book{CressieWikle2011,
	Address = {Hoboken, New Jersey},
	Author = {Cressie, N. and Wikle, C. K.},
	Owner = {paul.conn},
	Publisher = {Wiley},
	Timestamp = {2013.12.04},
	Title = {Statistics for spatio-temporal data},
	Year = {2011}}

@article{Czado2007,
	Author = {Czado, C. and Erhardt, V. and Min, A. and Wagner, S.},
	Journal = {Statstical Modelling},
	Owner = {paul.conn},
	Pages = {125-153},
	Timestamp = {2010.07.06},
	Title = {Zero-infated generalized Poisson models with regression effects on the mean, dispersion, and zero-inflation level applied to patent outsourcing rates},
	Volume = {7},
	Year = {2007}}

@article{CzadoEtAl2009,
	__Markedentry = {[paul.conn:]},
	Author = {Czado, Claudia and Gneiting, Tilmann and Held, Leonhard},
	Journal = {Biometrics},
	Number = {4},
	Owner = {paul.conn},
	Pages = {1254--1261},
	Publisher = {Wiley Online Library},
	Timestamp = {2016.03.02},
	Title = {Predictive model assessment for count data},
	Volume = {65},
	Year = {2009}}

@article{DailMadsen2011,
	Author = {Dail, D and Madsen, L},
	Journal = {Biometrics},
	Number = {2},
	Pages = {577--587},
	Publisher = {Wiley Online Library},
	Title = {Models for estimating abundance from repeated counts of an open metapopulation},
	Volume = {67},
	Year = {2011}}

@Article{Dawid1984,
  author        = {Dawid, A Philip},
  title         = {Statistical theory: the prequential approach},
  year          = {1984},
  volume        = {147},
  pages         = {278--292},
  __markedentry = {[paul.conn:]},
  journal       = {Journal of the Royal Statistical Society. Series A (General)},
  owner         = {paul.conn},
  publisher     = {JSTOR},
  timestamp     = {2016.03.02},
}

@article{Dempster1977,
	Author = {Dempster, A. P. and Laird, N. M. and Rubin, D. B.},
	Journal = {Journal of the Royal Statistical Society B (Methodological)},
	Owner = {paul.conn},
	Pages = {1-38},
	Timestamp = {2012.08.28},
	Title = {Maximum likelihood from incomplete data via the EM algorithm},
	Volume = {39},
	Year = {1977}}

@article{Deriso2007,
	Author = {Deriso, R. B. and Maunder, M. N. and Skalski, J. R.},
	Journal = {Canadian Journal of Fisheries and Aquatic Sciences},
	Owner = {paul.conn},
	Pages = {187-197},
	Timestamp = {2013.05.24},
	Title = {Variance estimation in integrated assessment models and it's importance for hypothesis testing},
	Volume = {64},
	Year = {2007}}

@article{Deriso1985,
	Author = {Deriso, R. B. and Quinn, T. J. II and Neal, P. R.},
	Journal = {Canadian Journal of Fisheries and Aquatic Sciences},
	Owner = {paul.conn},
	Pages = {815-824},
	Timestamp = {2013.05.24},
	Title = {Catch-age analysis with auxiliary information},
	Volume = {42},
	Year = {1985}}

@article{DeyEtAl1998,
	__Markedentry = {[paul.conn:]},
	Author = {Dey, Dipak K and Gelfand, Alan E and Swartz, Tim B and Vlachos, Pantelis K},
	Journal = {Test},
	Number = {2},
	Owner = {paul.conn},
	Pages = {325--346},
	Publisher = {Springer},
	Timestamp = {2016.03.02},
	Title = {A simulation-intensive approach for checking hierarchical models},
	Volume = {7},
	Year = {1998}}

@article{Diefenbach1998,
	Author = {Diefenbach, D. R. and Alt, G. L.},
	Journal = {Journal of Wildlife Management},
	Owner = {paul.conn},
	Pages = {1292--1300},
	Timestamp = {2013.05.24},
	Title = {Modeling and evaluation of ear tag loss in black bears},
	Volume = {62},
	Year = {1998}}

@article{Diefenbach2004,
	Author = {Diefenbach, D. R. and Laake, J. L. and Alt, G. L.},
	Journal = {Journal of Wildlife Management},
	Owner = {paul.conn},
	Pages = {947--959},
	Timestamp = {2013.05.24},
	Title = {Spatio-temporal and demographic variation in the harvest of black bears: Implications for population estimation},
	Volume = {68},
	Year = {2004}}

@article{Diefenbach2007,
	Author = {Diefenbach, D. R. and Marshall, M.R. and Mattice, J.A. and Brauning, D.W.},
	Journal = {The Auk},
	Owner = {paul.conn},
	Pages = {96-106},
	Timestamp = {2011.07.05},
	Title = {Incorporating availability for detection in estimates of bird abundance},
	Volume = {124},
	Year = {2007}}

@article{DiggleLophaven2006,
	Author = {Diggle, P. and Lophaven, S.},
	Journal = {Scandinavian Journal of Statistics},
	Owner = {paul.conn},
	Pages = {53-64},
	Timestamp = {2015.01.20},
	Title = {Geostatistical Design},
	Volume = {33},
	Year = {2006}}

@article{DiggleEtAl2010,
	Author = {Diggle, Peter J. and Menezes, Raquel and Su, Ting-li},
	Doi = {10.1111/j.1467-9876.2009.00701.x},
	Issn = {1467-9876},
	Journal = {Journal of the Royal Statistical Society: Series C (Applied Statistics)},
	Keywords = {Environmental monitoring, Geostatistics, Log-Gaussian Cox process, Marked point process, Monte Carlo inference, Preferential sampling},
	Number = {2},
	Owner = {paul.conn},
	Pages = {191--232},
	Publisher = {Blackwell Publishing Ltd},
	Timestamp = {2015.01.20},
	Title = {Geostatistical inference under preferential sampling},
	Url = {http://dx.doi.org/10.1111/j.1467-9876.2009.00701.x},
	Volume = {59},
	Year = {2010},
	Bdsk-Url-1 = {http://dx.doi.org/10.1111/j.1467-9876.2009.00701.x}}

@article{DiggleEtAl1998,
	Author = {Diggle, P. J. and Tawn, J. A. and Moyeed, R. A.},
	Journal = {Journal of the Royal Statistical Society: Series C (Applied Statistics)},
	Number = {3},
	Pages = {299--350},
	Publisher = {Wiley Online Library},
	Title = {Model-based geostatistics},
	Volume = {47},
	Year = {1998}}

@article{Dillingham:2006fv,
	Author = {Peter W. Dillingham and John R. Skalski and Kristen E. Ryding},
	Journal = {Canadian Journal of Fisheries and Aquatic Sciences},
	Pages = {107--119},
	Title = {Fine-scale geographic interactions between {S}teller sea lion (\textit{{E}umetopias jubatus}) trends and local fisheries},
	Volume = {63},
	Year = {2006}}

@article{Dorazio2012,
	Author = {Dorazio, R. M. and Rodr\'{i}guez, D. T.},
	Journal = {Methods in Ecology and Evolution},
	Owner = {paul.conn},
	Timestamp = {2012.08.28},
	Title = {A {G}ibbs sampler for {B}ayesian analysis of site-occupancy data},
	Volume = {doi: 10.1111/j.2041-210X.2012.00237.x},
	Year = {2012}}

@article{Dorazio2003,
	Author = {Dorazio, R. M. and Royle, J. A.},
	Journal = {Biometrics},
	Owner = {paul.conn},
	Pages = {351--364},
	Timestamp = {2013.05.24},
	Title = {Mixture models for estimating the size of a closed population when capture rates vary among individuals},
	Volume = {59},
	Year = {2003}}

@article{Dorfman1938,
	Author = {Dorfman, R.},
	Journal = {The Biometric Bulletin},
	Owner = {paul.conn},
	Pages = {129-137},
	Timestamp = {2014.12.12},
	Title = {A note on the delta-method for finding variance formulae},
	Volume = {1},
	Year = {1938}}

@article{Dorn2002,
	Author = {Dorn, M. W.},
	Journal = {North American Journal of Fisheries Management},
	Owner = {paul.conn},
	Pages = {280-300},
	Timestamp = {2013.05.24},
	Title = {Advice on West Coast rockfish harvest rates from {B}ayesian meta-analysis of stock-recruit relationships},
	Volume = {22},
	Year = {2002}}

@book{Draper1966,
	Address = {New York},
	Author = {Draper, N. R. and Smith, H.},
	Owner = {paul.conn},
	Publisher = {John Wiley \& Sons},
	Timestamp = {2013.05.24},
	Title = {Applied Regression Analysis},
	Year = {1966}}

@article{Drummer1987,
	Author = {Drummer, T.D. and Mcdonald, L.L.},
	Journal = {Biometrics},
	Owner = {paul.conn},
	Pages = {13-21},
	Timestamp = {2011.10.05},
	Title = {Size bias in line transect sampling},
	Volume = {43},
	Year = {1987}}

@article{Dupont1983,
	Author = {Dupont, W. D.},
	Journal = {Biometrics},
	Owner = {paul.conn},
	Pages = {1021-1033},
	Timestamp = {2013.05.24},
	Title = {A stochastic catch-effort method for estimating animal abundance},
	Volume = {39},
	Year = {1983}}

@article{Dupuis1995,
	Author = {Dupuis, J. A.},
	Journal = {Biometrika},
	Number = {4},
	Owner = {paul.conn},
	Pages = {761-772},
	Timestamp = {2013.05.24},
	Title = {Bayesian estimation of movement and survival probabilities from capture-recapture data},
	Volume = {82},
	Year = {1995}}

@article{Dupuis2007,
	Author = {Dupuis, J. A. and Schwarz, C. J.},
	Journal = {Biometrics},
	Owner = {paul.conn},
	Pages = {1015-1022},
	Timestamp = {2012.08.27},
	Title = {A Bayesian approach to the multistate Jolly-Seber capture-recapture model},
	Volume = {63},
	Year = {2007}}

@article{Durban2005a,
	Author = {Durban, J. W. and Elston, D.A.},
	Journal = {Journal of Agricultural, Biological, and Environmental Statistics},
	Owner = {paul.conn},
	Pages = {291-305},
	Timestamp = {2011.10.06},
	Title = {Mark-recapture with occasional and individual effects: abundance estimation through Bayesian model selection in a fixed dimensional parameter space},
	Volume = {10},
	Year = {2005}}

@article{DurbinKoopman2002,
	Author = {Durbin, J. and Koopman, S. J.},
	Journal = {Biometrika},
	Owner = {paul.conn},
	Pages = {603-615},
	Timestamp = {2014.02.19},
	Title = {A simple and efficient simulation smoother for state space time series analysis},
	Volume = {89},
	Year = {2002}}

@article{DurnerEtAl2009,
	Author = {Durner, George M and Douglas, David C and Nielson, Ryan M and Amstrup, Steven C and McDonald, Trent L and Stirling, Ian and Mauritzen, Mette and Born, Erik W and Wiig, {\O}ystein and DeWeaver, Eric and others},
	Journal = {Ecological Monographs},
	Number = {1},
	Pages = {25--58},
	Publisher = {Eco Soc America},
	Title = {Predicting 21st-century polar bear habitat distribution from global climate models},
	Volume = {79},
	Year = {2009}}

@article{efford2012occupancy,
	Author = {Efford, Murray G and Dawson, Deanna K},
	Journal = {Ecosphere},
	Number = {4},
	Pages = {1--15},
	Publisher = {Wiley Online Library},
	Title = {Occupancy in continuous habitat},
	Volume = {3},
	Year = {2012}}

@article{EhrenbergBound1993,
	Author = {Ehrenberg, A. and Bound, J.},
	Journal = {Journal of the Royal Statistical Society A},
	Owner = {paul.conn},
	Pages = {167-206},
	Timestamp = {2013.07.18},
	Title = {Predicatibility and prediction},
	Volume = {156},
	Year = {1993}}

@article{ElithLeathwick2009,
	Author = {Elith, J. and Leathwick, J. R.},
	Journal = {Annual Review of Ecology, Evolution, and Systematics},
	Owner = {paul.conn},
	Pages = {677-697},
	Timestamp = {2013.07.09},
	Title = {Species distribution models: ecological explanation and prediction across space and time},
	Volume = {40},
	Year = {2009}}

@article{Ellis1995,
	Author = {Ellis, D.M. and DeMartini, E.E.},
	Journal = {Fisheries Bulletin},
	Owner = {paul.conn},
	Pages = {67-77},
	Timestamp = {2010.07.06},
	Title = {Evaluation of a video camera technique for indexing abundance of juvenile pink snapper, {\it Pristipomoides filamentosus}, and other Hawaiian insular shelf fishes},
	Volume = {93},
	Year = {1995}}

@article{EvangelouZhu2012,
	Author = {Evangelou, E. and Zhu, Z.},
	Journal = {Journal of Statistical Planning and Inference},
	Owner = {paul.conn},
	Pages = {3242-3253},
	Timestamp = {2015.01.20},
	Title = {Optimal predictive design augmentation for spatial generalised linear mixed models},
	Volume = {142},
	Year = {2012}}

@article{Faustino2004,
	Author = {Faustino, C. R. and Jennelle, C. S. and Connolly, V. and Davis, A. K. and Swarthout, E. C. and Dhondt, A. A. and Cooch, E. G.},
	Journal = {Journal of Animal Ecology},
	Owner = {paul.conn},
	Pages = {651-669},
	Timestamp = {2013.05.24},
	Title = {infection dynamics in a house finch population: seasonal variation in survival, encounter, and transmission rate},
	Volume = {73},
	Year = {2004}}

@techreport{Ferrero:1994hc,
	Author = {R. C. Ferrero and L. W. Fritz},
	Institution = {NOAA},
	Number = {NMFS-AFSC-43},
	Title = {Comparisons of Walleye Pollock, \textit{{T}heragra chalcogramma}, Harvest to {S}teller Sea Lion, \textit{{E}umetopias jubatus}, Abundance in the {B}ering {S}ea and {G}ulf of {A}laska},
	Year = {1994}}

@article{Fieberg2010,
	Author = {Fieberg, J.R. and Shertzer, K.W. and Conn, P.B.},
	Journal = {PLoS ONE},
	Owner = {paul.conn},
	Pages = {e12114},
	Timestamp = {2011.09.13},
	Title = {Integrated population modeling of black bears in {M}innesota: Implications for monitoring and management},
	Volume = {5},
	Year = {2010}}

@article{FinkEtAl2010,
	Author = {Fink, D. and Hochachka, W. M. and Zuckerberg, B. and Winkler, D. W. and Shaby, B. and Munson, M. A. and Hooker, G. and Riedewald, M. and Sheldon, D. and Kelling, S.},
	Journal = {Ecological Applications},
	Number = {8},
	Owner = {paul.conn},
	Pages = {2131--2147},
	Publisher = {Eco Soc America},
	Timestamp = {2015.01.20},
	Title = {Spatiotemporal exploratory models for broad-scale survey data},
	Volume = {20},
	Year = {2010}}

@article{FinleyEtAl2009,
	Author = {Finley, A. O. and Sang, H. and Banerjee, S. and Gelfand, A. E.},
	Journal = {Computational Statistics \& Data Analysis},
	Owner = {paul.conn},
	Pages = {2873-2884},
	Timestamp = {2013.09.18},
	Title = {Improving the performance of predictive process modeling for large datasets},
	Volume = {53},
	Year = {2009}}

@article{Forney2000,
	Author = {Forney, K.A.},
	Journal = {Conservation Biology},
	Owner = {paul.conn},
	Pages = {1271-1286},
	Timestamp = {2012.04.09},
	Title = {Environmental models of cetacean abundance: reducing uncertainty in population trends},
	Volume = {14},
	Year = {2000}}

@article{FosterEtAl2014,
	Author = {Foster, S. D. and Hosack, G. R. and Hill, N. A. and Barrett, N. S. and Lucieer, V. L},
	Journal = {Methods in Ecology and Evolution},
	Owner = {paul.conn},
	Pages = {287-297},
	Timestamp = {2015.01.23},
	Title = {Choosing between strategies for designing surveys: autonomous underwater vehicles},
	Volume = {5},
	Year = {2014}}

@article{Fournier1982,
	Author = {Fournier, D. and Archibald, C. P.},
	Journal = {Canadian Journal of Fisheries and Aquatic Sciences},
	Owner = {paul.conn},
	Pages = {1195-1207},
	Timestamp = {2013.05.24},
	Title = {A general theory for analyzing catch at age data},
	Volume = {39},
	Year = {1982}}

@book{Fox2002,
	Address = {Thousand Oaks, California},
	Author = {Fox, J.},
	Owner = {paul.conn},
	Publisher = {Sage Publications, Inc.},
	Timestamp = {2013.05.24},
	Title = {An R and S-Plus Companion to Applied Regression},
	Year = {2002}}

@article{Fruiiwirth1996,
	__Markedentry = {[paul.conn:]},
	Author = {Fr{\"u}iiwirth-Schnatter, Sylvia},
	Journal = {Environmental and Ecological Statistics},
	Number = {4},
	Owner = {paul.conn},
	Pages = {291--309},
	Publisher = {Springer},
	Timestamp = {2016.03.02},
	Title = {Recursive residuals and model diagnostics for normal and non-normal state space models},
	Volume = {3},
	Year = {1996}}

@article{Fruhwirth1994,
	Author = {Fr\"{u}hwirth-Schnatter, S.},
	Journal = {Journal of Time Series Analysis},
	Owner = {paul.conn},
	Pages = {183-202},
	Timestamp = {2014.02.03},
	Title = {Data augmentation and dynamic linear models},
	Volume = {15},
	Year = {1994}}

@article{FrankeEtAl2012,
	Author = {Franke, U. and Goll, B. and Hohmann, U. and Heurich, M.},
	Journal = {Animal Biodiversity and Conservation},
	Owner = {paul.conn},
	Pages = {285-293},
	Timestamp = {2013.07.22},
	Title = {Aerial ungulate surveys with a combination of infrared and high-resolution natural colour images},
	Volume = {35},
	Year = {2012}}

@article{Freeman1950,
	Author = {Freeman, M F and Tukey, J W},
	Journal = {Ann.\ Math.\ Stat.},
	Owner = {paul.conn},
	Pages = {607--611},
	Timestamp = {2013.05.24},
	Title = {Transformations related to the angular and square root},
	Volume = {21},
	Year = {1950}}

@article{Freeman1992,
	Author = {Freeman, S. N. and Morgan, B. J. T.},
	Journal = {Biometrics},
	Owner = {paul.conn},
	Pages = {217-236},
	Timestamp = {2013.05.24},
	Title = {A modelling strategy for recovery data from birds ringed as nestlings},
	Volume = {48},
	Year = {1992}}

@article{Freeman1990,
	Author = {Freeman, S. N. and Morgan, B. J. T.},
	Journal = {The Ring},
	Number = {1-2},
	Owner = {paul.conn},
	Pages = {271-288},
	Timestamp = {2013.05.24},
	Title = {Studies in the analysis of ring-recovery data},
	Volume = {13},
	Year = {1990}}

@article{FretwellLucas1970,
	Author = {Fretwell, S. D. and Lucas, H. L.},
	Journal = {Acta Biotheoretica},
	Owner = {paul.conn},
	Pages = {16-36},
	Timestamp = {2013.05.23},
	Title = {On territorial behaviour and other factors influencing habitat distribution in birds},
	Volume = {19},
	Year = {1970}}

@article{Fujiwara2002,
	Author = {Fujiwara, M. and Caswell, H.},
	Journal = {Ecology},
	Owner = {paul.conn},
	Pages = {3257-3265},
	Timestamp = {2013.05.24},
	Title = {Estimating population projection matrices from multi-stage mark-recapture data},
	Volume = {83},
	Year = {2002}}

@article{Gamble2008,
	Author = {Gamble, L. and Ravela, S. and McGarigal, K.},
	Journal = {Journal of Applied Ecology},
	Owner = {paul.conn},
	Pages = {170-180},
	Timestamp = {2009.12.21},
	Title = {Multi-scale features for identifying individuals in large biological databases: an application of pattern recognition technology to the marbled salamander Ambystoma opacum},
	Volume = {45},
	Year = {2008}}

@book{Gamerman1997,
	Address = {London},
	Author = {Gamerman, D.},
	Owner = {paul.conn},
	Publisher = {Chapman and Hall},
	Timestamp = {2013.05.24},
	Title = {Markov Chain Monte Carlo: Stochastic Simulation for {Bayesian} Inference},
	Year = {1997}}

@article{Garrett2000,
	Author = {Garrett, E. S. and Zeger, S. L.},
	Journal = {Biometrics},
	Owner = {paul.conn},
	Pages = {1055-1067},
	Timestamp = {2013.05.24},
	Title = {Latent class model diagnosis},
	Volume = {56},
	Year = {2000}}

@incollection{GelfandEtAl2013,
	Author = {Gelfand, A. E. and Banerjee, S. and Finley, A. O.},
	Booktitle = {Spatio-temporal Design: Advances in Efficient Data Acquisition},
	Editor = {Mateu, J. and Muller, W. G.},
	Owner = {paul.conn},
	Publisher = {Wiley},
	Timestamp = {2013.09.10},
	Title = {Spatial design for knot selection in knot-based dimension reduction models},
	Year = {2013}}

@inbook{GelfandEtAl2012,
	Author = {Gelfand, Alan E. and Banerjee, Sudipto and Finley, Andrew O.},
	Booktitle = {Spatio-Temporal Design},
	Doi = {10.1002/9781118441862.ch7},
	Isbn = {9781118441862},
	Keywords = {Austria monitoring network, knot-based dimension reduction models, predictive process models, spatial design},
	Owner = {paul.conn},
	Pages = {142--169},
	Publisher = {John Wiley \& Sons, Ltd},
	Timestamp = {2015.01.20},
	Title = {Spatial Design for Knot Selection in Knot-Based Dimension Reduction Models},
	Url = {http://dx.doi.org/10.1002/9781118441862.ch7},
	Year = {2012},
	Bdsk-Url-1 = {http://dx.doi.org/10.1002/9781118441862.ch7}}

@article{Gelfand1998,
	Author = {Gelfand, A. E. and Ghosh, S.K.},
	Journal = {Biometrika},
	Owner = {paul.conn},
	Pages = {1-11},
	Timestamp = {2012.01.23},
	Title = {Model choice: A minimum posterior predictive loss approach},
	Volume = {85},
	Year = {1998}}

@article{GelfandEtAl1995,
	Author = {Gelfand, A. E. and Sahu, S. K. and Carlin, B. P.},
	Journal = {Biometrika},
	Owner = {paul.conn},
	Pages = {479-488},
	Timestamp = {2013.05.24},
	Title = {Efficient parameterization for normal linear mixed models},
	Volume = {82},
	Year = {1995}}

@Book{GelmanEtAl2014,
  author        = {Gelman, Andrew and Carlin, John B and Stern, Hal S and Rubin, Donald B},
  title         = {Bayesian data analysis, third edition},
  year          = {2014},
  publisher     = {CRC Press},
  __markedentry = {[paul.conn:]},
  address       = {Boca Raton, Florida},
  owner         = {paul.conn},
  timestamp     = {2016.03.02},
}

@book{GelmanEtAl2004,
	Address = {Boca Raton},
	Author = {Gelman, A. and Carlin, J. B. and Stern, H. S. and Rubin, D. B.},
	Owner = {paul.conn},
	Publisher = {Chapman and Hall},
	Timestamp = {2013.05.24},
	Title = {Bayesian Data Analysis, 2nd Edition},
	Year = {2004}}

@article{GelmanEtAl1996,
	__Markedentry = {[paul.conn:]},
	Author = {Gelman, Andrew and Meng, Xiao-Li and Stern, Hal},
	Journal = {Statistica {S}inica},
	Number = {4},
	Owner = {paul.conn},
	Pages = {733--760},
	Publisher = {C/O DR SW CHENG, MANAG EDITOR DEPT STAT UNIV MANTOBA, WINNIPEG MB R3T 2N2, CANADA},
	Timestamp = {2016.03.02},
	Title = {Posterior predictive assessment of model fitness via realized discrepancies},
	Volume = {6},
	Year = {1996}}

@techreport{Gelman1992a,
	Author = {Gelman, A. and Meng, X-L and Stern, H. S.},
	Institution = {University of California},
	Owner = {paul.conn},
	Timestamp = {2013.05.24},
	Title = {Bayesian tests for goodness of fit using tail area probabilities},
	Year = {1992}}

@article{Gelman1992,
	Author = {Gelman, A. and Rubin, D. B.},
	Journal = {Statistical Science},
	Owner = {paul.conn},
	Pages = {457--511},
	Timestamp = {2013.05.24},
	Title = {Inference from iterative simulation using multiple sequences (with discussion)},
	Volume = {7},
	Year = {1992}}

@article{Geromont2001,
	Author = {Geromont, H. F. and Butterworth, D. S.},
	Journal = {Col. Vol. Sci. pap. ICCAT},
	Owner = {paul.conn},
	Pages = {1116-1129},
	Timestamp = {2010.09.22},
	Title = {Possible extensions to the ADAPT VPA model applied to western North Atlantic bluefin tuna, addressing in particular the need to account for ``additional variance"},
	Volume = {52},
	Year = {2001}}

@article{GetisOrd1992,
	__Markedentry = {[paul.conn:]},
	Author = {Getis, Arthur and Ord, J Keith},
	Journal = {Geographical Analysis},
	Number = {3},
	Owner = {paul.conn},
	Pages = {189--206},
	Timestamp = {2016.03.02},
	Title = {The analysis of spatial association by use of distance statistics},
	Volume = {24},
	Year = {1992}}

@article{Gibson2004,
	Author = {Gibson, G. J. and Kleczkowski, A. and Gilligan, C. A.},
	Journal = {Proceedings of the National Academy of Sciences},
	Owner = {paul.conn},
	Pages = {12120-12124},
	Timestamp = {2013.05.24},
	Title = {Bayesian analysis of botanical epidemics using stochastic compartmental models},
	Volume = {101},
	Year = {2004}}

@article{Gibson1998,
	Author = {Gibson, G. J. and Renshaw, E.},
	Journal = {IMA Journal of Mathematics Applied in Medicine and Biology},
	Owner = {paul.conn},
	Pages = {19-40},
	Timestamp = {2013.05.24},
	Title = {Estimating parameters in stochastic compartmental models using Markov chain methods},
	Volume = {15},
	Year = {1998}}

@article{Gilbert1973,
	Author = {Gilbert, R. O.},
	Journal = {Biometrics},
	Owner = {paul.conn},
	Pages = {501-526},
	Timestamp = {2013.05.24},
	Title = {Approximations of bias in Jolly-Seber capture recapture model},
	Volume = {29},
	Year = {1973}}

@techreport{Gill1990,
	Author = {Gill, R. B. and Beck, T. D. I.},
	Intitution = {Colorado Division of Wildlife},
	Number = {Div. Rep. No. 15},
	Owner = {paul.conn},
	Timestamp = {2013.05.24},
	Title = {Black bear management plan 1990-1995},
	Year = {1990}}

@article{Gimenez2007,
	Author = {Gimenez, O. and Rossi, V. and Choquet, R. and Dehais, C. and Doris, B. and Varella, H. and Vila, J. and Pradel, R.},
	Journal = {Ecological Modelling},
	Owner = {paul.conn},
	Pages = {431-438},
	Timestamp = {2012.08.28},
	Title = {State-space modelling of data on marked individuals},
	Volume = {206},
	Year = {2007}}

@techreport{Giminez2005,
	Author = {Giminez, O. and Brooks, S. P. and Morgan, B. J. T.},
	Institution = {University of Kent},
	Number = {UKC/IMS/05/27},
	Owner = {paul.conn},
	Timestamp = {2013.05.24},
	Title = {Weak identifiability in mark-recapture and mark-recovery models},
	Year = {2005}}

@article{Giminez2004,
	Author = {Giminez, O. and Choquet, R. and Lebreton, J. -D.},
	Journal = {Biometric Journal},
	Owner = {paul.conn},
	Pages = {704--722},
	Timestamp = {2013.05.24},
	Title = {Parameter redundancy in multistate capture-recapture models},
	Volume = {45},
	Year = {2004}}

@article{Giudice2012,
	Author = {Giudice, J.H. and Fieberg, J.R. and Lenarz, M.S.},
	Journal = {Journal of Wildlife Management},
	Owner = {paul.conn},
	Pages = {75-87},
	Timestamp = {2012.02.16},
	Title = {Spending degrees of freedom in a poor economy: A case study of building a sightability model for moose in northeastern {M}innesota},
	Volume = {76},
	Year = {2012}}

@book{Givens2005,
	Address = {Hoboken, New Jersey},
	Author = {Givens, G. H. and Hoeting, J. A.},
	Owner = {paul.conn},
	Publisher = {Wiley},
	Timestamp = {2013.05.24},
	Title = {Computational Statistics},
	Year = {2005}}

@article{GneitingEtAl2007,
	__Markedentry = {[paul.conn:]},
	Author = {Gneiting, Tilmann and Balabdaoui, Fadoua and Raftery, Adrian E},
	Journal = {Journal of the Royal Statistical Society: Series B (Statistical Methodology)},
	Number = {2},
	Owner = {paul.conn},
	Pages = {243--268},
	Publisher = {Wiley Online Library},
	Timestamp = {2016.03.02},
	Title = {Probabilistic forecasts, calibration and sharpness},
	Volume = {69},
	Year = {2007}}

@article{Gomez-Diaz2010,
	Author = {Gomez-Diaz, Elena and Doherty, Paul F. Jr. and Duneau, D. and McCoy, K.D.},
	Journal = {Evolutionary Applications},
	Owner = {paul.conn},
	Pages = {391-401},
	Timestamp = {2011.12.27},
	Title = {Cryptic vector divergence masks vector-specific patterns of infection: an example from the marine cycle of Lyme borreliosis},
	Volume = {3},
	Year = {2010}}

@article{Goodwin2006,
	Author = {Goodwin, N. B. and Grant, A. and Perry, A. L. and Dulvy, N. K. and Reynolds, J. D.},
	Journal = {Canadian Journal of Fisheries and Aquatic Sciences},
	Owner = {paul.conn},
	Pages = {494-509},
	Timestamp = {2013.05.24},
	Title = {Life history correlates of density-dependent recruitment in marine fishes},
	Volume = {63},
	Year = {2006}}

@Article{Gosselin2011,
  author    = {Gosselin, Fr{\'e}d{\'e}ric},
  title     = {A new calibrated {B}ayesian internal goodness-of-fit method: sampled posterior p-values as simple and general p-values that allow double use of the data},
  journal   = {PloS One},
  year      = {2011},
  volume    = {6},
  number    = {3},
  pages     = {e14770},
  publisher = {Public Library of Science},
}

@book{Gotelli2001,
	Address = {Sunderland, MA},
	Author = {Gotelli, N. J.},
	Owner = {paul.conn},
	Publisher = {Sinauer Associates, Inc.},
	Timestamp = {2013.05.24},
	Title = {A Primer of Ecology, Third Edition},
	Year = {2001}}

@article{GoulardVoltz1992,
	Author = {Goulard, M. and Voltz, M.},
	Journal = {Mathematical Geology},
	Owner = {paul.conn},
	Pages = {269-286},
	Timestamp = {2015.01.02},
	Title = {Linear coregionalization model: Tools for estimation and choice of cross-variogram matrix},
	Volume = {24},
	Year = {1992}}

@phdthesis{Gove1997,
	Address = {Seattle, WA, USA},
	Author = {Gove, N. E.},
	Owner = {paul.conn},
	School = {University of Washington},
	Timestamp = {2013.05.24},
	Title = {Using age-harvest data to estimate demographic parameters for wildlife populations},
	Year = {1997}}

@article{Gove2002,
	Author = {Gove, N. E. and Skalski, J. R. and Zager, P. and Townsend, R. L.},
	Journal = {Journal of Wildlife Management},
	Owner = {paul.conn},
	Pages = {310--320},
	Timestamp = {2013.05.24},
	Title = {Statistical models for population reconstruction using age-at-harvest data},
	Volume = {66},
	Year = {2002}}

@article{Green1995,
	Author = {Green, P J},
	Journal = {Biometrika},
	Owner = {paul.conn},
	Pages = {711--732},
	Timestamp = {2013.05.24},
	Title = {Reversible jump {M}arkov chain {M}onte {C}arlo computation and {B}ayesian model determination},
	Volume = {82},
	Year = {1995}}

@article{Green2004,
	Author = {Green, R. E.},
	Journal = {Ibis},
	Owner = {paul.conn},
	Pages = {501-508},
	Timestamp = {2013.05.24},
	Title = {A new method for estimating the adult survival rate of the Corncrake {\it Crex crex} and comparison with estimates from ring-recovery and ring-recapture data},
	Volume = {146},
	Year = {2004}}

@article{Green2001,
	Author = {Green, R. E. and Shaffer, N. and Wend, D.},
	Journal = {Ringing and Migration},
	Owner = {paul.conn},
	Pages = {352-357},
	Timestamp = {2013.05.24},
	Title = {A method for ageing adult Corncrakes {\it Crex crex}},
	Volume = {20},
	Year = {2001}}

@article{Greenwood1973,
	Author = {Greenwood, R. J. and Sargeant, A. B.},
	Journal = {Journal of Wildlife Management},
	Owner = {paul.conn},
	Pages = {3--9},
	Timestamp = {2013.05.24},
	Title = {Influence of radio packs on captive mallards and blue-winged teal},
	Volume = {37},
	Year = {1973}}

@article{GroomEtAl2013,
	Author = {Groom, G. and Stjernholm, M. and Nielsen, R. D. and Fleetwood, A. and Petersen, I. K.},
	Journal = {Ecological Informatics},
	Owner = {paul.conn},
	Pages = {2-8},
	Timestamp = {2013.07.22},
	Title = {Remote sensing image data and automated analysis to describe marine bird distributions and abundance},
	Volume = {14},
	Year = {2013}}

@article{GuisanEtAl2002,
	Author = {Guisan, A. and Edwards Jr., T. C. and Hastie, T.},
	Journal = {Ecological Modelling},
	Owner = {paul.conn},
	Pages = {89-100},
	Timestamp = {2013.07.11},
	Title = {Generalized linear and generalized additive models in studies of species distributions: setting the scene},
	Volume = {157},
	Year = {2002}}

@article{GuisanThuiller2005,
	Author = {Guisan, A. and Thuiller, W.},
	Journal = {Ecology Letters},
	Owner = {paul.conn},
	Pages = {993-1009},
	Timestamp = {2013.07.09},
	Title = {Predicting species distribution: offering more than simple habitat models},
	Volume = {8},
	Year = {2005}}

@article{Gustafson2005,
	Author = {Gustafson, P.},
	Journal = {Statistical Science},
	Owner = {paul.conn},
	Pages = {111-119},
	Timestamp = {2013.05.24},
	Title = {On model expansion, model contraction, identifiability and prior information: Two illustrative scenarios involving mismeasured variables},
	Volume = {20},
	Year = {2005}}

@Article{Guttman1967,
  author        = {Guttman, Irwin},
  title         = {The use of the concept of a future observation in goodness-of-fit problems},
  year          = {1967},
  volume        = {29},
  pages         = {83--100},
  __markedentry = {[paul.conn:]},
  journal       = {Journal of the Royal Statistical Society. Series B (Methodological)},
  owner         = {paul.conn},
  publisher     = {JSTOR},
  timestamp     = {2016.03.02},
}

@book{Haberman1998,
	Address = {Upper Saddle River, New Jersey},
	Author = {Haberman, R.},
	Owner = {paul.conn},
	Publisher = {Chapman \& Hall},
	Timestamp = {2013.12.06},
	Title = {Elementary applied partial differential equations, Third Edition},
	Year = {1998}}

@book{Haberman1998,
	Address = {Upper Saddle River, New Jersey},
	Author = {Haberman, R.},
	Owner = {paul.conn},
	Publisher = {Chapman \& Hall},
	Timestamp = {2013.12.06},
	Title = {Elementary applied partial differential equations},
	Year = {1998}}

@book{Haddon2001,
	Address = {Boca Raton, Florida},
	Author = {Haddon, M.},
	Owner = {paul.conn},
	Publisher = {Chapman \& Hall},
	Timestamp = {2013.05.24},
	Title = {Modelling and Quantitative Methods in Fisheries},
	Year = {2001}}

@article{Haltuch2008,
	Author = {Haltuch, M. A. and Punt, A. E. and Dorn, M. W.},
	Journal = {Fisheries Research},
	Owner = {paul.conn},
	Pages = {290-303},
	Timestamp = {2013.05.24},
	Title = {Evaluating alternative estimators of fishery management reference points},
	Volume = {94},
	Year = {2008}}

@article{Hamel2012,
	Author = {Hamel, S. and Yoccoz, N. G. and Gaillard, Jean-Michel},
	Journal = {Methods in Ecology and Evolution},
	Owner = {paul.conn},
	Timestamp = {2012.07.10},
	Title = {Statistical evaluation of parameters estimating autocorrelation and individual heterogeneity in longitudinal studies},
	Volume = {doi: 10.1111/j.2041-210X.2012.00195.x},
	Year = {2012}}

@book{Hanski1999,
	Address = {Oxford,U.K.},
	Author = {Hanski,I.},
	Owner = {paul.conn},
	Publisher = {Oxford University Press},
	Timestamp = {2011.07.15},
	Title = {Metapopulation Ecology},
	Year = {1999}}

@article{Harshyne1998,
	Author = {Harshyne, W. A. and Diefenbach, D. R. and Alt, G. L. and Matson, G. M.},
	Journal = {Journal of Wildlife Management},
	Owner = {paul.conn},
	Pages = {1281--1291},
	Timestamp = {2013.05.24},
	Title = {Analysis of error from cementum-annuli age estimates of known-age Pennsylvania black bears},
	Volume = {62},
	Year = {1998}}

@book{HastieTibshirani1999,
	Address = {Boca Raton, Florida},
	Author = {Hastie, T. J. and Tibshirani, R. J.},
	Owner = {paul.conn},
	Publisher = {Chapman \& Hall/CRC},
	Timestamp = {2013.05.24},
	Title = {Generalized Additive Models},
	Year = {1999}}

@article{Hastings1970,
	Author = {Hastings, W. K.},
	Journal = {Biometrika},
	Owner = {paul.conn},
	Pages = {97-109},
	Timestamp = {2013.05.24},
	Title = {Monte Carlo sampling methods using Markov chains and their applications},
	Volume = {57},
	Year = {1970}}

@article{HedleyBuckland2004,
	Author = {Hedley, S.L. and Buckland, S.T.},
	Journal = {Journal of Agricultural, Biological, and Environmental Statistics},
	Owner = {paul.conn},
	Pages = {181-199},
	Timestamp = {2011.10.06},
	Title = {Spatial models for line transect sampling},
	Volume = {9},
	Year = {2004}}

@article{Heisey2006,
	Author = {Heisey, D. M. and Joly, D. O. and Messier, F.},
	Journal = {Ecology},
	Owner = {paul.conn},
	Pages = {2356-2365},
	Timestamp = {2013.05.24},
	Title = {The fitting of general force-of-infection models to wildlife disease prevalence data},
	Volume = {87},
	Year = {2006}}

@article{Heitjan1996,
	Author = {Heitjan, D.F. and Basu, S.},
	Journal = {The American Statistician},
	Owner = {paul.conn},
	Pages = {207-213},
	Timestamp = {2012.02.15},
	Title = {Distinguishing "Missing at random" and "Missing completely at random"},
	Volume = {50},
	Year = {1996}}

@article{Hennen:2006bs,
	Author = {D. Hennen},
	Journal = {Ecological Applications},
	Pages = {704--717},
	Title = {ASSOCIATIONS BETWEEN THE {A}LASKA {S}TELLER SEA LION DECLINE AND COMMERCIAL FISHERIES},
	Volume = {16},
	Year = {2006}}

@article{Hestbeck1991,
	Author = {Hestbeck, J. B. and Nichols, J. D. and Malecki, R. A.},
	Journal = {Ecology},
	Owner = {paul.conn},
	Pages = {523-533},
	Timestamp = {2013.05.24},
	Title = {Estimates of movement and site fidelity using mark-resight data of wintering Canada Geese},
	Volume = {72},
	Year = {1991}}

@article{Hewison1999,
	Author = {Hewison, A. J. M. and Vincent, J. P. and Angibault, J. M. and Delorme, D. and Van Laere, G. and Gaillard, J. M.},
	Journal = {Canadian Journal of Zoology},
	Owner = {paul.conn},
	Pages = {58-67},
	Timestamp = {2013.05.24},
	Title = {Tests of estimation of age from tooth wear on roe deer of known age: variation within and among populations},
	Volume = {77},
	Year = {1999}}

@incollection{Higdon2002,
	Address = {London},
	Author = {Higdon, D.},
	Booktitle = {Quantitative methods for current environmental issues},
	Editor = {Anderson, C. W. and Barnett, V. and Chatwin, P. C. and El-Shaarawi, A. H.},
	Owner = {paul.conn},
	Pages = {37-56},
	Publisher = {Springer},
	Timestamp = {2013.12.10},
	Title = {Space and space-time modeling using process convolutions},
	Year = {2002}}

@article{Higdon1998,
	Author = {Higdon, D.},
	Journal = {Environmental and Ecological Statistics},
	Owner = {paul.conn},
	Pages = {173-190},
	Timestamp = {2013.07.11},
	Title = {A process-convolution approach to modelling temperatures in the {N}orth {A}tlantic {O}cean},
	Volume = {5},
	Year = {1998}}

@article{Hilborn2002,
	Author = {Hilborn, R.},
	Journal = {Bulletin of Marine Science},
	Owner = {paul.conn},
	Pages = {403-408},
	Timestamp = {2013.05.24},
	Title = {The dark side of reference points},
	Volume = {70},
	Year = {2002}}

@article{Hilborn1979,
	Author = {Hilborn, R.},
	Journal = {Journal of the Fisheries Research Board of Canada},
	Owner = {paul.conn},
	Pages = {1477-1489},
	Timestamp = {2013.05.24},
	Title = {Comparison of fisheries control systems that utilize catch and effort data},
	Volume = {36},
	Year = {1979}}

@book{Hilborn1992,
	Address = {New York},
	Author = {Hilborn, R. and Walters, C. J.},
	Owner = {paul.conn},
	Publisher = {Chapman \& Hall},
	Timestamp = {2013.05.24},
	Title = {Quantitative Fisheries Stock Assessment: Choice, Dynamics \& Uncertainty},
	Year = {1992}}

@article{HjortEtAl2006,
	Author = {Hjort, Nils Lid and Dahl, Fredrik A and Steinbakk, Gunnhildur H{\"o}gnad{\'o}ttir},
	Journal = {Journal of the American Statistical Association},
	Number = {475},
	Pages = {1157--1174},
	Publisher = {Taylor \& Francis},
	Title = {Post-processing posterior predictive p values},
	Volume = {101},
	Year = {2006}}

@Book{HobbsHooten2015,
  author        = {Hobbs, N Thompson and Hooten, Mevin B},
  title         = {Bayesian Models: A Statistical Primer for Ecologists},
  year          = {2015},
  publisher     = {Princeton University Press},
  __markedentry = {[paul.conn:]},
  address       = {Princeton, New Jersey},
  owner         = {paul.conn},
  timestamp     = {2016.03.02},
}

@article{Hodges2010,
	Author = {Hodges, J.S. and Reich, B.J.},
	Journal = {American Statistician},
	Owner = {paul.conn},
	Pages = {325-334},
	Timestamp = {2012.01.10},
	Title = {Adding spatially-correlated errors can mess up the fixed effects you love},
	Volume = {64},
	Year = {2010}}

@article{HoetingEtAl2000,
	Author = {Hoeting, J. A. and Leecaster, M. and Bowden, D.},
	Journal = {Journal of Agricultural, Biological, and Environmental Statistics},
	Owner = {paul.conn},
	Pages = {102-114},
	Timestamp = {2013.07.09},
	Title = {An improved model for spatially correlated binary responses},
	Volume = {5},
	Year = {2000}}

@article{HoetingEtAl1999,
	Author = {Hoeting, J. A. and Madigan, D. and Raftery, A. E. and Volinsky, C. T.},
	Journal = {Statistical Science},
	Owner = {paul.conn},
	Pages = {382-417},
	Timestamp = {2014.04.15},
	Title = {Bayesian model averaging: a tutorial},
	Volume = {14},
	Year = {1999}}

@article{Holmberg2008,
	Author = {Holmberg, J. and Norman, B. and Arzoumanian, Z.},
	Journal = {Ecological Applications},
	Owner = {paul.conn},
	Pages = {222-233},
	Timestamp = {2009.12.21},
	Title = {Robust, comparable population metrics through collaborative photo-monitoring of whale sharks Rhincodon Typus},
	Volume = {18},
	Year = {2008}}

@article{HolmesEtAl2007,
	Author = {E. E. Holmes and L. W. Fritz and A. E. York and K. Sweeney},
	Journal = {Ecological Applications},
	Number = {8},
	Pages = {2214--2232},
	Title = {Age-structured modeling reveals long-term declines in the natality of western {S}teller sea lions},
	Volume = {17},
	Year = {2007}}

@article{HootenEtAl2003,
	Author = {Hooten, M.B. and Larsen, D.R. and Wikle, C.K.},
	Journal = {Landscape Ecology},
	Owner = {paul.conn},
	Pages = {487-502},
	Timestamp = {2012.01.13},
	Title = {Predicting the spatial distribution of ground flora on large domains using a hierarchical Bayesian model},
	Volume = {18},
	Year = {2003}}

@article{Hooten2010,
	Author = {Hooten, M.B. and Wikle, C.K.},
	Journal = {Journal of the American Statistical Association},
	Owner = {paul.conn},
	Pages = {236-248},
	Timestamp = {2011.06.10},
	Title = {Statistical agent-based models for discrete spatio-temporal systems},
	Volume = {105},
	Year = {2010}}

@article{HootenEtAl2007,
	Author = {Hooten, M.B. and Wikle, C.K. and Dorazio, R.M. and Royle, J.A.},
	Journal = {Biometrics},
	Owner = {paul.conn},
	Pages = {558-567},
	Timestamp = {2011.06.10},
	Title = {Hierarchical spatio-temporal matrix models for characterizing invasions},
	Volume = {63},
	Year = {2007}}

@article{HootenInpress,
	Author = {Hooten, M. B. and Hanks, E. M. and Johnson, D. S. and Alldredge, M. W.},
	Journal = {Journal of Animal Ecology},
	Owner = {paul.conn},
	Timestamp = {2013.04.03},
	Title = {Reconciling resource utilization and resource selection functions},
	Year = {In press}}

@article{HootenHobbs2015,
	Author = {Hooten, M. B. and Hobbs, N. T.},
	Journal = {Ecological Monographs},
	Owner = {paul.conn},
	Pages = {3-28},
	Timestamp = {2014.05.07},
	Title = {A guide to {B}ayesian model selection for ecologists},
	Volume = {85},
	Year = {2015}}

@article{HootenWikle2008,
	Author = {Hooten, M. B. and Wikle, C. K.},
	Journal = {Environmental and Ecological Statistics},
	Owner = {paul.conn},
	Pages = {59-70},
	Timestamp = {2013.12.09},
	Title = {A hierarchical {B}aysian non-linear spatio-temporal model for the spread of invasive species with application to the {E}urasian collared-dove},
	Volume = {15},
	Year = {2008}}

@article{Huggins1990,
	Author = {Huggins, R. M.},
	Journal = {Biometrics},
	Owner = {paul.conn},
	Pages = {725--732},
	Timestamp = {2013.05.24},
	Title = {Some practical aspects of a conditional likelihood approach to capture experiments},
	Volume = {47},
	Year = {1990}}

@article{Huggins1989,
	Author = {Huggins, R. M},
	Journal = {Biometrika},
	Owner = {paul.conn},
	Pages = {133--140},
	Timestamp = {2013.05.24},
	Title = {On the statistical analysis of capture-recapture experiments},
	Volume = {76},
	Year = {1989}}

@article{Hughes2013,
	Author = {Hughes, J. and Haran, M.},
	Journal = {Journal of the Royal Statistical Society B},
	Owner = {paul.conn},
	Pages = {139-159},
	Timestamp = {2012.01.10},
	Title = {Dimension reduction and alleviation of confounding for spatial generalized mixed models},
	Volume = {75},
	Year = {2013}}

@mastersthesis{Hui:2011uq,
	Author = {Tabitha Cheng Yee Hui},
	School = {The University of British Columbia},
	Title = {Steller Sea Lions and Fisheries: {C}ompetition at Sea?},
	Year = {2011}}

@article{HunterEtAl2010,
	Author = {Hunter, Christine M and Caswell, Hal and Runge, Michael C and Regehr, Eric V and Amstrup, Steve C and Stirling, Ian},
	Journal = {Ecology},
	Number = {10},
	Pages = {2883--2897},
	Publisher = {Eco Soc America},
	Title = {Climate change threatens polar bear populations: a stochastic demographic analysis},
	Volume = {91},
	Year = {2010}}

@article{Ianelli2002,
	Author = {Ianelli, J. N.},
	Journal = {North American Journal of Fisheries Management},
	Owner = {paul.conn},
	Pages = {301-310},
	Timestamp = {2013.05.24},
	Title = {Simulation analyses testing the robustness of productivity determinations from West Coast Pacific Ocean perch stock assessment data},
	Volume = {22},
	Year = {2002}}

@electronic{PollockAssessment2011,
	Author = {Ianelli, J. N. and Honkalehto, T. and Barbeau, S. and Kotwicki, S. and Aydin, K. and Williamson, N.},
	Organization = {NOAA Alaska Fisheries Science Center},
	Owner = {paul.conn},
	Timestamp = {2013.05.15},
	Title = {Assessment of the walleye pollock stock in the eastern {Bering} sea},
	Url = {http://www.afsc.noaa.gov/REFM/docs/2011/EBSpollock.pdf},
	Year = {2011},
	Bdsk-Url-1 = {http://www.afsc.noaa.gov/REFM/docs/2011/EBSpollock.pdf}}

@electronic{PollockAssessment2011,
	__Markedentry = {[paul.conn:]},
	Author = {Ianelli, J. N. and Honkalehto, T. and Barbeau, S. and Kotwicki, S. and Aydin, K. and Williamson, N.},
	Organization = {NOAA Alaska Fisheries Science Center},
	Owner = {paul.conn},
	Timestamp = {2013.05.15},
	Title = {Assessment of the walleye pollock stock in the eastern {Bering} sea},
	Url = {http://www.afsc.noaa.gov/REFM/docs/2011/EBSpollock.pdf},
	Year = {2011},
	Bdsk-Url-1 = {http://www.afsc.noaa.gov/REFM/docs/2011/EBSpollock.pdf}}

@book{Jeffreys1961,
	Address = {Oxford, England},
	Author = {Jeffreys, H.},
	Owner = {paul.conn},
	Publisher = {Oxford University Press},
	Timestamp = {2013.05.24},
	Title = {Theory of Probability, 3rd Edition},
	Year = {1961}}

@article{Jennelle2007,
	Author = {Jennelle, C. S. and Cooch, E. G. and Conroy, M. J. and Senar, J. C.},
	Journal = {Ecological Applications},
	Owner = {paul.conn},
	Pages = {154-167},
	Timestamp = {2013.05.24},
	Title = {State-specific detection probabilities and disease prevalence},
	Volume = {17},
	Year = {2007}}

@article{JohnsonEtAl2010,
	Author = {Johnson, D.S. and Laake, J.L. and Ver Hoef, J.M.},
	Journal = {Biometrics},
	Owner = {paul.conn},
	Pages = {310-318},
	Timestamp = {2011.06.10},
	Title = {A model-based approach for making ecological inference from distance sampling data},
	Volume = {66},
	Year = {2010}}

@article{JohnsonEtAl2013,
	Author = {Johnson, D. S. and Conn, P. B. and Hooten, M. and Ray, J. and Pond, B.},
	Journal = {Ecology},
	Owner = {paul.conn},
	Pages = {801-808},
	Timestamp = {2011.12.22},
	Title = {A probit approach for spatio-temporal modeling of ecological occupancy data},
	Volume = {94},
	Year = {2013}}

@article{JohnsonEtAl2013b,
	Author = {Johnson, D. S. and Ream, R. R. and Towell, R. G. and Williams, M. T. and Leon Guerrero, J. D.},
	Journal = {Journal of Agricultural, Biological, and Environmental Statistics},
	Owner = {paul.conn},
	Pages = {299-313},
	Timestamp = {2014.04.10},
	Title = {Bayesian clustering of animal abundance trends for inference and dimension reduction},
	Volume = {18},
	Year = {2013}}

@article{JohnsonEtAl2008,
	Author = {Johnson, Devin S and Thomas, Dana L and Ver Hoef, Jay M and Christ, Aaron},
	Journal = {Biometrics},
	Number = {3},
	Owner = {paul.conn},
	Pages = {968--976},
	Timestamp = {2015.01.20},
	Title = {A general framework for the analysis of animal resource selection from telemetry data},
	Volume = {64},
	Year = {2008}}

@article{Johnson2007,
	__Markedentry = {[paul.conn:]},
	Author = {Johnson, V. E.},
	Journal = {Bayesian Analysis},
	Owner = {paul.conn},
	Pages = {719-734},
	Timestamp = {2015.10.21},
	Title = {Bayesian model assessment using pivotal quantities},
	Volume = {2},
	Year = {2007}}

@article{Johnson2007b,
	Author = {Johnson, V. E.},
	Journal = {Statistical Science},
	Owner = {paul.conn},
	Pages = {353-358},
	Timestamp = {2016.03.17},
	Title = {Comment: {B}ayesian checking of the second levels of hierarchical models},
	Volume = {22},
	Year = {2007}}

@article{Johnson2004,
	__Markedentry = {[paul.conn:]},
	Author = {Johnson, Valen E},
	Journal = {Annals of Statistics},
	Owner = {paul.conn},
	Pages = {2361--2384},
	Publisher = {JSTOR},
	Timestamp = {2016.03.02},
	Title = {A {B}ayesian $\chi^2$ test for goodness-of-fit},
	Volume = {32},
	Year = {2004}}

@article{Jones1999,
	Author = {Jones, G. and Rocke, D. M.},
	Journal = {Technometrics},
	Owner = {paul.conn},
	Pages = {224-233},
	Timestamp = {2013.05.24},
	Title = {Bootstrapping in controlled calibration},
	Volume = {41},
	Year = {1999}}

@Book{KerySchaub2012,
  author        = {K{\'e}ry, Marc and Schaub, Michael},
  title         = {Bayesian population analysis using WinBUGS: a hierarchical perspective},
  year          = {2012},
  publisher     = {Academic Press},
  __markedentry = {[paul.conn:]},
  address       = {London, U.K.},
  owner         = {paul.conn},
  timestamp     = {2016.03.02},
}

@Book{KeryRoyle2016,
  author        = {K\'{e}ry, M. and Royle, J. A.},
  title         = {Applied hierarchical modeling in ecology},
  year          = {2016},
  publisher     = {Elsevier},
  __markedentry = {[paul.conn:]},
  address       = {London, U.K.},
  owner         = {paul.conn},
  timestamp     = {2016.02.18},
}

@article{Kane1992,
	Author = {Kane, D. M. and Litvaitis, J. A.},
	Journal = {Journal of Mammalogy},
	Owner = {paul.conn},
	Pages = {215--217},
	Timestamp = {2013.05.24},
	Title = {Age and sex composition of live-captured and hunter-killed samples of black bears},
	Volume = {73},
	Year = {1992}}

@article{Karanth1998,
	Author = {Karanth, K. U. and Nichols, J. D.},
	Journal = {Ecology},
	Owner = {paul.conn},
	Pages = {2852-2862},
	Timestamp = {2009.12.21},
	Title = {Estimation of tiger densities in India using photographic captures and recaptures},
	Volume = {79},
	Year = {1998}}

@article{Karanth2006,
	Author = {Karanth, K. U. and Nichols, J. D. and Kumar, N. S. and Hines, J. E.},
	Journal = {Ecology},
	Owner = {paul.conn},
	Pages = {2925-2937},
	Timestamp = {2009.12.21},
	Title = {Assessing tiger population dynamics using photographic capture-recapture sampling},
	Volume = {87},
	Year = {2006}}

@article{Keay1995,
	Author = {Keay, J. A.},
	Journal = {California Fish and Game},
	Owner = {paul.conn},
	Pages = {113-121},
	Timestamp = {2013.05.24},
	Title = {Accuracy of cementum age assignments for black bears},
	Volume = {81},
	Year = {1995}}

@article{Keeling2000,
	Author = {Keeling, M. J. and Gilligan, C. A.},
	Journal = {Proceedings of the Royal Society of London B},
	Owner = {paul.conn},
	Pages = {2219-2230},
	Timestamp = {2013.05.24},
	Title = {Bubonic plague: a metapopulation model of a zoonosis},
	Volume = {267},
	Year = {2000}}

@article{Kendall2006,
	Author = {Kendall, W. L. and Conn, P. B. and Hines, J. E.},
	Journal = {Ecology},
	Owner = {paul.conn},
	Pages = {169-177},
	Timestamp = {2012.08.28},
	Title = {Combining multistate capture-recapture data with tag recoveries to estimate demographic parameters},
	Volume = {87},
	Year = {2006}}

@article{Kendall2003,
	Author = {Kendall, W. L. and Hines, J. E. and Nichols, J. D.},
	Journal = {Ecology},
	Owner = {paul.conn},
	Pages = {1058-1066},
	Timestamp = {2013.05.24},
	Title = {Adjusting multistate capture-recapture models for misclassification bias: Manatee breeding proportions},
	Volume = {84},
	Year = {2003}}

@article{Kendall2002,
	Author = {Kendall, W. L. and Nichols, J. D.},
	Journal = {Ecology},
	Owner = {paul.conn},
	Pages = {3276-3284},
	Timestamp = {2013.05.24},
	Title = {Estimating state-transition probabilities for unobservable states using capture-recapture/resighting data},
	Volume = {83},
	Year = {2002}}

@article{Kendall2012,
	Author = {Kendall, W. L. and White, G. C. and Hines, J. E. and Langtimm, C. A. and Yoshizaki, J.},
	Journal = {Ecology},
	Owner = {paul.conn},
	Pages = {913-920},
	Timestamp = {2012.10.09},
	Title = {Estimating parameters of hidden Markov models based on marked animals: use of robust design data},
	Volume = {93},
	Year = {2012}}

@book{KingEtAl2009,
	__Markedentry = {[paul.conn:]},
	Address = {Boca Raton, Florida},
	Author = {King, Ruth and Morgan, Byron and Gimenez, Olivier and Brooks, Steve},
	Owner = {paul.conn},
	Publisher = {CRC Press},
	Timestamp = {2016.03.02},
	Title = {Bayesian analysis for population ecology},
	Year = {2009}}

@article{KissellEtAl2011,
	Author = {Kissell Jr., R. E. and Nimmo, S. K.},
	Journal = {Wildlife Biology},
	Owner = {paul.conn},
	Pages = {85-92},
	Timestamp = {2013.07.22},
	Title = {A technique to estimate white-tailed deer {\it Odocoileus virginanus} density using vertical-looking infrared imagery},
	Volume = {17},
	Year = {2011}}

@article{Kordek1980,
	Author = {Kordek, W. S. and J. S. Lindzey},
	Journal = {International Conference on Bear Research and Management},
	Owner = {paul.conn},
	Pages = {159-161},
	Timestamp = {2013.05.24},
	Title = {Preliminary analysis of female reproductive tracts from Pennsyvania black bears},
	Volume = {4},
	Year = {1980}}

@Article{KristensenEtAl2016,
  author    = {Kristensen, K. and Nielsen, A. and Berg, C. W. and Skaug, H. and Bell, B. M.},
  title     = {TMB: Automatic differentiation and {L}aplace approximation},
  journal   = {Journal of Statistical Software},
  year      = {2015},
  volume    = {70},
  pages     = {doi: 10.18637/jss.v070.i05},
  owner     = {paul.conn},
  timestamp = {2015.11.20},
}

@incollection{Laake2004,
	Address = {Oxford, U.K.},
	Author = {Laake, J.L. and Borchers, D.L.},
	Booktitle = {Advanced Distance Sampling},
	Editor = {Buckland, S.T. and Anderson, D.R. and Burnham, K.P. and Laake, J.L. and Borchers, D.L. and Thomas, L.},
	Owner = {paul.conn},
	Pages = {108-189},
	Publisher = {Oxford University Press},
	Timestamp = {2012.02.27},
	Title = {Methods for incomplete detection at distance zero},
	Year = {2004}}

@phdthesis{Laake1992,
	Address = {Fort Collins, CO, USA},
	Author = {Laake, J. L.},
	Owner = {paul.conn},
	School = {Colorado State University},
	Timestamp = {2013.05.24},
	Title = {Catch-effort models and their application to elk in Colorado},
	Year = {1992}}

@article{Lachish2007,
	Author = {Lachish, S. and Jones, M. and Mc{C}allum, H.},
	Journal = {Journal of Applied Ecology},
	Owner = {paul.conn},
	Pages = {926-936},
	Timestamp = {2012.08.27},
	Title = {The impact of disease on the survival and population growth rate of the Tasmanian devil},
	Volume = {76},
	Year = {2007}}

@article{Langtimm1998,
	Author = {Langtimm, C. A. and O'Shea, T. J. and Pradel, R. and Beck, C. A.},
	Journal = {Ecology},
	Owner = {paul.conn},
	Pages = {981-997},
	Timestamp = {2009.12.21},
	Title = {Estimates of annual survival probabilities for adult Florida manatees (Trichechus manatus latirostris)},
	Volume = {79},
	Year = {1998}}

@article{Lark2002,
	Author = {Lark, R. M.},
	Journal = {Geoderma},
	Owner = {paul.conn},
	Pages = {49-80},
	Timestamp = {2015.01.26},
	Title = {Optimized spatial sampling of soil for estimation of the variogram by maximum likelihood},
	Volume = {105},
	Year = {2002}}

@article{LatimerEtAl2009,
	Author = {Latimer, A. M. and Banerjee, S. and Sang, H. and Moshner, E. S. and Silander Jr., J. A.},
	Journal = {Ecology Letters},
	Owner = {paul.conn},
	Pages = {144-154},
	Timestamp = {2013.07.09},
	Title = {Hierarichical models facilitate spatial analysis of large data sets: a case study on invasive plant species in the northern {U}nited {S}tates},
	Volume = {12},
	Year = {2009}}

@article{Latour2003,
	Author = {Latour, R. J. and Hoenig, J. M. and Hepworth, D. A. and Frusher, S. D.},
	Journal = {ICES Journal of Marine Science},
	Owner = {paul.conn},
	Pages = {1075--1085},
	Timestamp = {2013.05.24},
	Title = {A novel tag-recovery model with two size classes for estimating fishing and natural mortality, with implications for the southern rock lobster (Jasus edwardsii) in Tasmania, Australia},
	Volume = {60},
	Year = {2003}}

@article{Lebreton1992,
	Author = {Lebreton, J. -D. and Burnham, K. P. and Clobert, J. and Anderson, D. R.},
	Journal = {Ecological Monographs},
	Owner = {paul.conn},
	Pages = {67-118},
	Timestamp = {2013.05.24},
	Title = {Modeling survival and testing biological hypotheses using marked animals: a unified approach with case studies},
	Volume = {62},
	Year = {1992}}

@article{Lee1994,
	Author = {Lee, S. M. and Chao, A.},
	Journal = {Biometrics},
	Owner = {paul.conn},
	Pages = {88--97},
	Timestamp = {2013.05.24},
	Title = {Estimating population-size via sample coverage for closed capture-recapture models},
	Volume = {50},
	Year = {1994}}

@article{Legendre1993,
	Author = {Legendre, P.},
	Journal = {Ecology},
	Owner = {paul.conn},
	Pages = {1659-1673},
	Timestamp = {2013.07.11},
	Title = {Spatial autocorrelation: trouble or new paradigm?},
	Volume = {74},
	Year = {1993}}

@article{Lele2012,
	Author = {Lele, S.R. and Moreno, M. and Bayne, E.},
	Journal = {Journal of Plant Ecology},
	Owner = {paul.conn},
	Pages = {22-31},
	Timestamp = {2012.02.16},
	Title = {Dealing with detection error in site occupancy surveys: what can we do with a single survey?},
	Volume = {5},
	Year = {2012}}

@article{LeleDennis2009,
	__Markedentry = {[paul.conn:]},
	Author = {Lele, S. R. and Dennis, B.},
	Journal = {Ecology},
	Owner = {paul.conn},
	Pages = {581-584},
	Timestamp = {2015.10.05},
	Title = {{B}ayesian methods for hierarchical models: Are ecologists making a {F}austian bargain?},
	Volume = {19},
	Year = {2009}}

@article{LeleKeim2006,
	Author = {Lele, S. R. and Keim, J. L.},
	Journal = {Ecology},
	Owner = {paul.conn},
	Pages = {3021-3028},
	Timestamp = {2013.12.10},
	Title = {Weighted distributions and estimation of resource selection probability functions},
	Volume = {87},
	Year = {2006}}

@article{Lescroel2009,
	Author = {Lescroel, A. and Dugger, K. M. and Ballard, G. and Ainley, D. G.},
	Journal = {Journal of Animal Ecology},
	Owner = {paul.conn},
	Pages = {798-806},
	Timestamp = {2012.08.27},
	Title = {Effects of individual quality, reproductive success and environmental variability on survival of a long-lived seabird},
	Volume = {78},
	Year = {2009}}

@article{Lewy2003,
	Author = {Lewy, P. and Nielson, A.},
	Journal = {ICES Journal of Marine Science},
	Owner = {paul.conn},
	Pages = {743-752},
	Timestamp = {2013.05.24},
	Title = {Modelling stochastic fish stock dynamics using Markov Chain Monte Carlo},
	Volume = {60},
	Year = {2003}}

@article{LiangZeger1986,
	Author = {Liang, K. and Zeger, S. L.},
	Journal = {Biometrika},
	Owner = {paul.conn},
	Pages = {13-22},
	Timestamp = {2013.05.24},
	Title = {Longitudinal data analysis using generalized linear models},
	Volume = {73},
	Year = {1986}}

@article{LichsteinEtAl2002,
	Author = {Lichstein, J.W. and Simons, T.R. and Shriner, S.A. and Franzreb, K. E.},
	Journal = {Ecological Monographs},
	Owner = {xconn},
	Pages = {445-463},
	Timestamp = {2011.06.22},
	Title = {Spatial autocorrelation and autoregressive models in ecology},
	Volume = {72},
	Year = {2002}}

@article{Liermann1997,
	Author = {Liermann, M. and Hilborn, R.},
	Journal = {Canadian Journal of Fisheries and Aquatic Sciences},
	Owner = {paul.conn},
	Pages = {1976-1984},
	Timestamp = {2013.05.24},
	Title = {Depensation in fish stocks: a hierarchical {B}ayesian meta-analysis},
	Volume = {54},
	Year = {1997}}

@article{LindgrenEtAl2011,
	Author = {Lindgren, Finn and Rue, H{\aa}vard and Lindstr{\"o}m, Johan},
	Journal = {Journal of the Royal Statistical Society: Series B (Statistical Methodology)},
	Number = {4},
	Pages = {423--498},
	Publisher = {Wiley Online Library},
	Title = {An explicit link between {G}aussian fields and {G}aussian {M}arkov random fields: the stochastic partial differential equation approach},
	Volume = {73},
	Year = {2011}}

@article{Link2013,
	Author = {Link, W. A.},
	Journal = {Ecology},
	Owner = {paul.conn},
	Pages = {2173-2179},
	Timestamp = {2014.01.31},
	Title = {A cautionary note on the discrete uniform prior for the binomial N},
	Volume = {94},
	Year = {2013}}

@article{Link2003a,
	Author = {Link, W. A.},
	Journal = {Biometrics},
	Owner = {paul.conn},
	Pages = {1123--1130},
	Timestamp = {2013.05.24},
	Title = {Nonidentifiability of population size from capture-recapture data with heterogeneous detection probabilities},
	Volume = {59},
	Year = {2003}}

@article{Link2008,
	Author = {Link, W. A. and Barker, R. J.},
	Journal = {Environmental and Ecological Statistics},
	Owner = {paul.conn},
	Pages = {79-87},
	Timestamp = {2010.01.28},
	Title = {Efficient implementation of the Metropolis-Hastings algorithm, with application to the Cormack-Jolly-Seber model},
	Volume = {15},
	Year = {2008}}

@article{LinkBarker2006,
	Author = {Link, W. A. and Barker, R. J.},
	Journal = {Ecology},
	Owner = {paul.conn},
	Pages = {2626-2635},
	Timestamp = {2013.05.24},
	Title = {Model weights and the foundations of multimodel inference},
	Volume = {87},
	Year = {2006}}

@article{Link2005,
	Author = {Link, W. A. and Barker, R. J},
	Journal = {Biometrics},
	Owner = {paul.conn},
	Pages = {46--54},
	Timestamp = {2013.05.24},
	Title = {Modeling association among demographic parameters in analysis of open populiation capture-recapture data},
	Volume = {61},
	Year = {2005}}

@article{Link2003,
	Author = {Link, W. A. and Royle, J. A. and Hatfield, J. S.},
	Journal = {Biometrics},
	Owner = {paul.conn},
	Pages = {778--785},
	Timestamp = {2013.05.24},
	Title = {Demographic analysis from summaries of an age-structured population},
	Volume = {59},
	Year = {2003}}

@article{Link2009,
	Author = {Link, W. A. and Yoshizaki, J. and Bailey, L. L. and Pollock, K. H.},
	Journal = {Biometrics},
	Owner = {paul.conn},
	Pages = {10.1111/j.1541-0420.2009.01244.x},
	Timestamp = {2009.12.21},
	Title = {Uncovering a latent multinomial: analysis of mark-recapture data with misidentification},
	Volume = {Online Early},
	Year = {2009}}

@Book{LinkBarker2010,
  author    = {Link, W.A. and Barker, R.J.},
  title     = {Bayesian inference with ecological applications},
  year      = {2010},
  publisher = {Academic Press},
  address   = {London, U.K.},
  owner     = {paul.conn},
  timestamp = {2011.10.06},
}

@article{LinkEtAl2002,
	Author = {Link, W.A. and Cam, E. and Nichols, J.D. and Cooch, E.G.},
	Journal = {Journal of Wildlife Management},
	Owner = {paul.conn},
	Pages = {277-291},
	Timestamp = {2011.06.14},
	Title = {Of BUGS and birds: Markov chain Monte Carlo for hierarchical modeling in wildlife research},
	Volume = {66},
	Year = {2002}}

@article{Linton2008,
	Author = {Linton, B. C. and Bence, J. R.},
	Journal = {Fisheries Research},
	Owner = {paul.conn},
	Pages = {26-35},
	Timestamp = {2013.05.24},
	Title = {Evaluating methods for estimating process and observation error in statistical catch-at-age analysis},
	Volume = {94},
	Year = {2008}}

@book{Littell1996,
	Address = {Cary, North Carolina},
	Author = {Littell, R. C. and R. C. Milliken and W. W. Stroup and R. Wolfinger},
	Owner = {paul.conn},
	Publisher = {SAS Publishing},
	Timestamp = {2013.04.16},
	Title = {SAS System for Mixed Models},
	Year = {1996}}

@book{Little1987,
	Address = {New York},
	Author = {Little, R.J.A. and Rubin, D.B.},
	Owner = {paul.conn},
	Publisher = {Wiley},
	Timestamp = {2011.12.22},
	Title = {Statistical Analysis with Missing Data},
	Year = {1987}}

@article{Little1983,
	Author = {Little, R.J.A. and Rubin, D.B.},
	Journal = {The American Statistician},
	Owner = {paul.conn},
	Pages = {218-220},
	Timestamp = {2012.06.06},
	Title = {On jointly estimating parameters and missing data by maximizing the complete-data likelihood},
	Volume = {37},
	Year = {1983}}

@article{Lo1992,
	Author = {Lo, N.C.H. and Jacobson, L.D. and Squire, J.L.},
	Journal = {Canadian Journal of Fisheres and Aquatic Sciences},
	Owner = {paul.conn},
	Pages = {2515-2526},
	Timestamp = {2010.07.06},
	Title = {Indices of relative abundance from fish spotter data based on delta-lognormal models},
	Volume = {49},
	Year = {1992}}

@incollection{LordPark2012,
	__Markedentry = {[paul.conn:]},
	Address = {Washington D.C.},
	Author = {Lord, D. and Park, B.},
	Booktitle = {Crime Stat Version 3.3 Update Notes, Part 2: Regression modelling},
	Owner = {paul.conn},
	Publisher = {The National Institute of Justice},
	Timestamp = {2016.02.08},
	Title = {Appendix D - Negative binomial regression models and estimation methods},
	Year = {2010}}

@inproceedings{Loughlin:1989kl,
	Author = {T. R. Loughlin and R.L. Merrick},
	Booktitle = {Proceedings of the International Symposium on Walleye Pollock},
	Editor = {L. Lowery},
	Organization = {Sea Grant Report 89-1, Univ. Alaska, Anchorage AK},
	Pages = {679--699},
	Title = {Comparison of commercial harvest of walleye pollock and northern sea lion abundance in the {B}ering {S}ea and {G}ulf of {A}laska},
	Year = {1989}}

@electronic{AtkaAssessment2012,
	Author = {Lowe, S. and Ianelli, J. and Palsson, W.},
	Organization = {NOAA Alaska Fisheries Science Center},
	Owner = {paul.conn},
	Timestamp = {2013.05.15},
	Title = {Assessment of the Atka Mackerel Stock in the {B}ering {S}ea/{A}leutian Islands},
	Url = {http://www.afsc.noaa.gov/REFM/Docs/2012/BSAIatka.pdf},
	Year = {2012},
	Bdsk-Url-1 = {http://www.afsc.noaa.gov/REFM/Docs/2012/BSAIatka.pdf}}

@electronic{AtkaAssessment2012,
	Author = {Lowe, S. and Ianelli, J. and Palsson, W.},
	Organization = {NOAA Alaska Fisheries Science Center},
	Owner = {paul.conn},
	Timestamp = {2013.05.15},
	Title = {Assessment of the Atka Mackerel Stock in the {B}ering {S}ea/{A}leutian Islands},
	Url = {http://www.afsc.noaa.gov/REFM/Docs/2012/BSAIatka.pdf},
	Year = {2012},
	Bdsk-Url-1 = {http://www.afsc.noaa.gov/REFM/Docs/2012/BSAIatka.pdf}}

@electronic{AtkaAssessment2012,
	__Markedentry = {[paul.conn:]},
	Author = {Lowe, S. and Ianelli, J. and Palsson, W.},
	Organization = {NOAA Alaska Fisheries Science Center},
	Owner = {paul.conn},
	Timestamp = {2013.05.15},
	Title = {Assessment of the Atka Mackerel Stock in the {B}ering {S}ea/{A}leutian Islands},
	Url = {http://www.afsc.noaa.gov/REFM/Docs/2012/BSAIatka.pdf},
	Year = {2012},
	Bdsk-Url-1 = {http://www.afsc.noaa.gov/REFM/Docs/2012/BSAIatka.pdf}}

@manual{Ltd2004,
	Address = {Box 2040, Sidney, British Columbia},
	Author = {Otter Research Ltd},
	Owner = {paul.conn},
	Timestamp = {2013.05.24},
	Title = {An Introduction to AD Model Builder version 7.1.1},
	Year = {2004}}

@article{Lukacs2005,
	Author = {Lukacs, P.M. and Burnham, K.P.},
	Journal = {Journal of Wildlife Management},
	Owner = {paul.conn},
	Pages = {396-403},
	Timestamp = {2010.01.27},
	Title = {Estimating population size form DNA-based closed capture-recapture data incorporating genotyping error},
	Volume = {69},
	Year = {2005}}

@Book{LunnEtAl2013,
  author        = {Lunn, D. and Jackson, C. and Best, N. and Thomas, A. and Spiegelhalter, D.},
  title         = {The {BUGS} book: a practical introduction to {B}ayesian analysis},
  year          = {2013},
  publisher     = {Chapman \& Hall/CRC},
  __markedentry = {[paul.conn:]},
  address       = {Boca Raton, Florida},
  owner         = {paul.conn},
  timestamp     = {2015.10.05},
}

@article{Lunn2000,
	Author = {Lunn, D.J. and Thomas, A. and Best, N. and Spiegelhalter, D.},
	Journal = {Statistics and Computing},
	Owner = {paul.conn},
	Pages = {325-337},
	Timestamp = {2010.09.21},
	Title = {WinBUGS -- a Bayesian modelling framework: concepts, structure, and extensibility},
	Volume = {10},
	Year = {2000}}

@book{Muller2001,
	Author = {M{\"u}ller, W.G.},
	Isbn = {9783790813333},
	Lccn = {00047865},
	Owner = {paul.conn},
	Publisher = {Physica-Verlag},
	Series = {Contributions to statistics},
	Timestamp = {2015.01.20},
	Title = {Collecting Spatial Data: Optimum Design of Experiments for Random Fields},
	Url = {http://books.google.com/books?id=sBvvAAAAMAAJ},
	Year = {2001},
	Bdsk-Url-1 = {http://books.google.com/books?id=sBvvAAAAMAAJ}}

@article{MollerEtAl2001,
	Author = {M{\o}ller, J. and Syversveen, R. and Waagepetersen, R. P.},
	Journal = {Scandinavian Journal of Statistics},
	Owner = {paul.conn},
	Pages = {451-482},
	Timestamp = {2013.12.05},
	Title = {Log {G}aussian {C}ox processes},
	Volume = {25},
	Year = {2001}}

@book{Muller2007,
	Address = {Berlin},
	Author = {M\"{u}ller, W. G.},
	Owner = {paul.conn},
	Publisher = {Springer},
	Timestamp = {2015.01.20},
	Title = {Collecting Spatial Data; Optimum Design of Experiments for Random Fields, Third Edition},
	Year = {2007}}

@article{Mace1994,
	Author = {Mace, P. M.},
	Journal = {Canadian Journal of Fisheries and Aquatic Sciences},
	Owner = {paul.conn},
	Pages = {110-122},
	Timestamp = {2013.05.24},
	Title = {Relationships between common biological reference points used as thresholds and targets of fisheries management strategies},
	Volume = {51},
	Year = {1994}}

@techreport{Mace1988,
	Author = {Mace, P. M. and Doonan, I. J.},
	Institution = {N.Z. Fisheries Assessment Resource Document},
	Number = {88/4},
	Owner = {paul.conn},
	Timestamp = {2013.05.24},
	Title = {A generalized bioeconomic simulation model for fish population dynamics},
	Year = {1988}}

@article{MacKenzie2003,
	Author = {MacKenzie,D.I. and Nichols,J.D. and Hines,J.E. and Knutson,M.G. and Franklin,A.B.},
	Journal = {Ecology},
	Owner = {paul.conn},
	Pages = {2200-2207},
	Timestamp = {2011.07.15},
	Title = {Estimating site occupancy,colonization,and local extinction when a species is detected imperfectly},
	Volume = {84},
	Year = {2003}}

@article{MacKenzie2002,
	Author = {MacKenzie, D.I. and Nichols, J.D. and Lachman, G.B. and Droege, S. and Royle, J.A. and Langtimm, C.A.},
	Journal = {Ecology},
	Owner = {paul.conn},
	Pages = {2248-2255},
	Timestamp = {2010.07.06},
	Title = {Estimating site occupancy rates when detection probabilities are less than one},
	Volume = {83},
	Year = {2002}}

@article{Mackey2008,
	Author = {Mackey, B. L. and Durban, J. W. and Middlemas, S. J. and Thompson, P. M.},
	Journal = {Journal of Zoology},
	Owner = {paul.conn},
	Pages = {18-27},
	Timestamp = {2009.12.21},
	Title = {A Bayesian estimate of harbour seal survival using sparse photo-identification data},
	Volume = {274},
	Year = {2008}}

@article{Madigan1997,
	Author = {Madigan, D. and York, J. C.},
	Journal = {Biometrika},
	Owner = {paul.conn},
	Pages = {19-31},
	Timestamp = {2013.05.24},
	Title = {Bayesian methods for estimation of the size of a closed population},
	Volume = {84},
	Year = {1997}}

@article{Magnusson2007,
	Author = {Magnusson, A. and Hilborn, R.},
	Journal = {Fish and Fisheries},
	Owner = {paul.conn},
	Pages = {337-358},
	Timestamp = {2013.05.24},
	Title = {What makes fisheries data informative},
	Volume = {8},
	Year = {2007}}

@mastersthesis{Malavear:2002zr,
	Author = {M. Y. G. Malavear},
	School = {Oregon State University},
	Title = {Modeling the energetics of {S}teller sea lions (\textit{{E}umetopias jubatus}) along the {O}regon coast},
	Year = {2002}}

@article{ManceurKuhn2014,
	Author = {Manceur, Ameur M and K{\"u}hn, Ingolf},
	Journal = {Methods in Ecology and Evolution},
	Number = {8},
	Pages = {739--750},
	Publisher = {Wiley Online Library},
	Title = {Inferring model-based probability of occurrence from preferentially sampled data with uncertain absences using expert knowledge},
	Volume = {5},
	Year = {2014}}

@article{Mangel:2010tg,
	Author = {M. Mangel},
	Journal = {Marine Policy},
	Pages = {836--843},
	Title = {Scientific inference and experiment in {E}cosystem {B}ased {F}ishery {M}anagement, with application to {S}teller sea lions in the {B}ering {S}ea and {W}estern {G}ulf of {A}laska},
	Volume = {34},
	Year = {2010}}

@book{Manly2010,
	Address = {Dordrecht, The Netherlands},
	Author = {Manly, B.F.J. and McDonald, L.L. and Thomas, D.L. and McDonald, T.L. and Erickson, W.P.},
	Owner = {paul.conn},
	Publisher = {Kluwer Academic Publishers},
	Timestamp = {2011.06.10},
	Title = {Resource selection by animals, 2nd Edition.},
	Year = {2010}}

@article{Marques2003,
	Author = {Marques, F.F.C. and Buckland, S.T.},
	Journal = {Biometrics},
	Owner = {paul.conn},
	Pages = {924-935},
	Timestamp = {2011.10.05},
	Title = {Incorporating covariates into standard line transect analyses},
	Volume = {59},
	Year = {2003}}

@article{MarquesEtAl2013,
	Author = {Marques, T. A. and Thomas, L. and Martin, S. W. and Mellinger, D. K. and Ward, J. A. and Moretti, D. J. and Harris, D. and Tyack, P. L.},
	Journal = {Biological Reviews},
	Owner = {paul.conn},
	Pages = {287-309},
	Timestamp = {2013.07.22},
	Title = {Estimating animal population density using passive acoustics},
	Volume = {88},
	Year = {2013}}

@article{Marques2007,
	Author = {Marques, T.A. and Thomas, L. and Fancy, S.G. and Buckland, S.T.},
	Journal = {The Auk},
	Owner = {paul.conn},
	Pages = {1229-1243},
	Timestamp = {2011.06.10},
	Title = {Improving estimates of bird density using multiple-covariate distance sampling},
	Volume = {124},
	Year = {2007}}

@article{Marsh1989,
	Author = {Marsh, H. and Sinclair, D.F.},
	Journal = {Journal of Wildlife Management},
	Owner = {paul.conn},
	Pages = {1017-1024},
	Timestamp = {2011.12.22},
	Title = {Correcting for visibility bias in strip transect aerial surveys of aquatic fauna},
	Volume = {53},
	Year = {1989}}

@article{MarshallSpiegelhalter2007,
	__Markedentry = {[paul.conn:]},
	Author = {Marshall, E. C. and Spiegelhalter, D. J.},
	Journal = {Bayesian Analysis},
	Number = {2},
	Owner = {paul.conn},
	Pages = {409--444},
	Publisher = {International Society for Bayesian Analysis},
	Timestamp = {2016.03.02},
	Title = {Identifying outliers in {B}ayesian hierarchical models: a simulation-based approach},
	Volume = {2},
	Year = {2007}}

@article{MarshallSpiegelhalter2003,
	__Markedentry = {[paul.conn:]},
	Author = {Marshall, E. C. and Spiegelhalter, D. J.},
	Journal = {Statistics in Medicine},
	Number = {10},
	Owner = {paul.conn},
	Pages = {1649--1660},
	Publisher = {Wiley Online Library},
	Timestamp = {2016.03.02},
	Title = {Approximate cross-validatory predictive checks in disease mapping models},
	Volume = {22},
	Year = {2003}}

@article{Matthiopoulos:2008kl,
	Author = {J. Matthiopoulos and S. Smout and A. J. Winship and D. Thompson and I. L. Boyd and J. Harwood},
	Journal = {Mammal Review},
	Pages = {167--188},
	Title = {Getting beneath the surface of marine mammal--fisheries competition},
	Volume = {38},
	Year = {2008}}

@incollection{Maunder2001,
	Address = {University of Alaska, Fairbanks} # .,
	Author = {Maunder, M. N.},
	Booktitle = {Spatial Processes and the Management of Fish Populations},
	Editor = {Kruse, G. H. and Bez, N. and Booth, A. and Dorn, M. W. and Hills, S. and Lipcius, R. N. and Pelletier, D. and Roy, C. and Smith, S. J. and Witherell, D.},
	Owner = {paul.conn},
	Publisher = {Alaska Sea Grant College Program Report No. AK-SG-01-02},
	Timestamp = {2013.05.24},
	Title = {Integrated Tagging and Catch-at-Age ANalysis (ITCAAN)},
	Year = {2001}}

@article{McAllister1997,
	Author = {McAllister, M. K. and Ianelli, J. N.},
	Journal = {Canadian Journal of Fisheries and Aquatic Sciences},
	Owner = {paul.conn},
	Pages = {284-300},
	Timestamp = {2013.05.24},
	Title = {Bayesian stock assessment using catch-age data and the sampling-resampling importance algorithm},
	Volume = {54},
	Year = {1997}}

@article{McCarthy2004,
	Author = {McCarthy, M. A. and Parris, K. M.},
	Journal = {Journal of Applied Ecology},
	Owner = {paul.conn},
	Pages = {780-786},
	Timestamp = {2009.12.21},
	Title = {Clarifying the effect of toe clipping on frogs with Bayesian statistics},
	Volume = {41},
	Year = {2004}}

@article{McClintock2009,
	Author = {McClintock, B.T. and White, G.C. and Antolin, M.F. and Tripp, D.W.},
	Journal = {Biometrics},
	Owner = {paul.conn},
	Pages = {237-246},
	Timestamp = {2011.10.07},
	Title = {Estimating abundance using mark-resight when sampling is with replacement or the number of marked individuals is unknown},
	Volume = {65},
	Year = {2009}}

@article{McClintock2010,
	Author = {McClintock, B. T. and Bailey, L. L. and Pollock, K. H. and Simons, T. R.},
	Journal = {Ecology},
	Owner = {paul.conn},
	Pages = {2446-2454},
	Timestamp = {2012.10.31},
	Title = {Unmodeled observation error induces bias when inferring patterns and dynamics of species occurrence via aural detections},
	Volume = {91},
	Year = {2010}}

@article{McClintock2010a,
	Author = {McClintock, B. T. and Bailey, L. L. and Pollock, K. H. and Simons, T. R.},
	Journal = {Journal of Wildife Management},
	Owner = {paul.conn},
	Pages = {1882-1893},
	Timestamp = {2012.10.31},
	Title = {Experimental investigation of observation error in anuran call surveys},
	Volume = {74},
	Year = {2010}}

@article{McClintockEtAlInPress,
	Author = {McClintock, B. T. and Moreland, E. E. and London, J. M. and Dahle, S. P. and Brady, G. M. and Richmond, E. L. and Yano, K. M. and Boveng, P. L.},
	Journal = {Marine Mammal Science},
	Owner = {paul.conn},
	Timestamp = {2015.03.16},
	Title = {Quantitative assessment of species identification in aerial transect surveys for ice-associated seals},
	Year = {In Press}}

@Book{McCullaghNelder1989,
  author    = {McCullagh, P. and Nelder, J. A.},
  title     = {Generalized linear models},
  year      = {1989},
  publisher = {Chapman and Hall},
  address   = {New York},
  owner     = {paul.conn},
  timestamp = {2013.05.24},
}

@article{McLaren1961,
	Author = {McLaren, I.A.},
	Journal = {Arctic},
	Owner = {paul.conn},
	Pages = {162-175},
	Timestamp = {2012.02.22},
	Title = {Methods of determining the numbers and availability of ring seals in the eastern Canadian Arctic},
	Volume = {14},
	Year = {1961}}

@article{Megrey1989,
	Author = {Megrey, B. A.},
	Journal = {American Fisheries Science Symposium},
	Owner = {paul.conn},
	Pages = {8--48},
	Timestamp = {2013.05.24},
	Title = {Review and comparison of age-structured stock assessment models from theoretical and applied points of view},
	Volume = {6},
	Year = {1989}}

@article{MerckxEtAl2011,
	Author = {Bea Merckx and Maaike Steyaert and Ann Vanreusel and Magda Vincx and Jan Vanaverbeke},
	Doi = {http://dx.doi.org/10.1016/j.ecolmodel.2010.11.016},
	Issn = {0304-3800},
	Journal = {Ecological Modelling},
	Keywords = {MaxEnt},
	Number = {3},
	Pages = {588 - 597},
	Title = {Null models reveal preferential sampling, spatial autocorrelation and overfitting in habitat suitability modelling},
	Url = {http://www.sciencedirect.com/science/article/pii/S0304380010006216},
	Volume = {222},
	Year = {2011},
	Bdsk-Url-1 = {http://www.sciencedirect.com/science/article/pii/S0304380010006216},
	Bdsk-Url-2 = {http://dx.doi.org/10.1016/j.ecolmodel.2010.11.016}}

@article{Methot1990,
	Author = {Methot, R. D.},
	Journal = {International North Pacific Fishereies Commission Bulletin},
	Owner = {paul.conn},
	Pages = {259-277},
	Timestamp = {2013.05.24},
	Title = {Synthesis model: An adaptable framework for analysis of diverse stock assessment data},
	Volume = {50},
	Year = {1990}}

@article{Methot1989,
	Author = {Methot, R. D.},
	Journal = {American Fisheries Society Symposium},
	Owner = {paul.conn},
	Pages = {66-82},
	Timestamp = {2013.05.24},
	Title = {Synthetic estimates of historical abundance and mortality for northern anchovy},
	Volume = {6},
	Year = {1989}}

@article{Meyer1999,
	Author = {Meyer, R. and Millar, R. B.},
	Journal = {Canadian Journal of Fisheries and Aquatic Sciences},
	Owner = {paul.conn},
	Pages = {37-52},
	Timestamp = {2013.05.24},
	Title = {Bayesian stock assessment using a state-space implementation of the delay difference model},
	Volume = {56},
	Year = {1999}}

@article{Michielsens2004,
	Author = {Michielsens, C. G. J. and McAllister, M. K.},
	Journal = {Canadian Journal of Fisheries and Aquatic Sciences},
	Owner = {paul.conn},
	Pages = {1032-1047},
	Timestamp = {2013.05.24},
	Title = {A {B}ayesian hierarchical analysis of stock-recruit data: quantifying structural and parameter uncertainties},
	Volume = {61},
	Year = {2004}}

@article{Miller2011,
	Author = {Miller, D. A. and Nichols, J. D. and McClintock, B. T. and Grant, E. H. C. and Bailey, L. L. and Weir, L. A.},
	Journal = {Ecology},
	Owner = {paul.conn},
	Pages = {1422-1428},
	Timestamp = {2012.10.31},
	Title = {Improving occupancy estimation when two types of observational error occur: non-detection and species misidentification},
	Volume = {92},
	Year = {2011}}

@article{MillerEtAl2013,
	Author = {Miller, D. L. and Burt, M. L. and Rexstad, E. A. and Thomas, L.},
	Journal = {Methods in Ecology and Evolution},
	Owner = {paul.conn},
	Pages = {1001-1010},
	Timestamp = {2013.12.04},
	Title = {Spatial models for distance sampling data: recent developments and future directions},
	Volume = {4},
	Year = {2013}}

@article{MillerEtAl11jwm,
	Author = {Miller, M. W. and Pearlstine, E. V., and Dorazio, R. M. and Mazzotti, F. J.},
	Journal = {Journal of Wildife Management},
	Owner = {paul.conn},
	Pages = {836-847},
	Timestamp = {2013.12.04},
	Title = {Occupancy and abundance of wintering birds in a dynamic agricultural landscape},
	Volume = {75},
	Year = {2011}}

@article{Moore2011,
	Author = {Moore, J. E. and Barlow, J.},
	Journal = {Journal of Applied Ecology},
	Owner = {paul.conn},
	Pages = {1195-1205},
	Timestamp = {2011.10.06},
	Title = {Bayesian state-space model of fin whale abundance trends from a 1991-2008 time series of line-transect surveys in the California Current},
	Volume = {48},
	Year = {2011}}

@article{Moran1950,
	__Markedentry = {[paul.conn:]},
	Author = {Moran, P. A. P.},
	Journal = {Biometrika},
	Owner = {paul.conn},
	Pages = {17-23},
	Timestamp = {2016.01.12},
	Title = {Notes on continuous stochastic phenomena},
	Volume = {37},
	Year = {1950}}

@article{Morris1983,
	Author = {Morris, CN},
	Journal = {Journal of the American Statistical Association},
	Owner = {paul.conn},
	Pages = {47-55},
	Timestamp = {2011.10.05},
	Title = {Parametric and empirical Bayes inference: theory and applications},
	Volume = {78},
	Year = {1983}}

@article{Muggeo2003,
	Author = {Muggeo, V. M. R.},
	Journal = {Statistics in Medicine},
	Owner = {paul.conn},
	Pages = {3055-3071},
	Timestamp = {2013.05.24},
	Title = {Estimating regression models with unknown break-points},
	Volume = {22},
	Year = {2003}}

@article{MurkinEtAl1997,
	Author = {Murkin, H. R. and Murkin, E. J. and Ball, J. P.},
	Journal = {Ecological Applications},
	Owner = {paul.conn},
	Pages = {1144-1159},
	Timestamp = {2015.01.20},
	Title = {Avian habitat selection and prairie wetland dynamics: A 10-year experiment},
	Volume = {7},
	Year = {1997}}

@article{Myers1999,
	Author = {Myers, R. A. and Bowen, K. G. and Barrowman, N. J.},
	Journal = {Canadian Journal of Fisheries and Aquatic Sciences},
	Owner = {paul.conn},
	Pages = {2404-2419},
	Timestamp = {2013.05.24},
	Title = {Maximum reproductive rate of fish at low population sizes},
	Volume = {56},
	Year = {1999}}

@article{Nakagawa2008,
	Author = {Nakagawa, S. and Freckleton, R.P.},
	Journal = {Trends in Ecology \& Evolution},
	Owner = {paul.conn},
	Pages = {592-596},
	Timestamp = {2012.05.30},
	Title = {Missing inaction: the dangers of ignoring missing data},
	Volume = {23},
	Year = {2008}}

@article{Newman2006,
	Author = {Newman, K. B. and Buckland, S. T. and Lindley, S. T. and Thomas, L. and Fern\`{a}ndez, C.},
	Journal = {Ecological Applications},
	Owner = {paul.conn},
	Pages = {74-86},
	Timestamp = {2013.05.24},
	Title = {Hidden process models for animal population dynamics},
	Volume = {16},
	Year = {2006}}

@article{Nichols1994,
	Author = {Nichols, J.D. and Hines, J.E. and Pollock, K.H. and Hinz, R. and Link, W.A.},
	Journal = {Ecology},
	Owner = {paul.conn},
	Pages = {2052-2065},
	Timestamp = {2012.08.27},
	Title = {Estimating breeding proportions and testing hypotheses about costs of reproduction with capture-recapture data},
	Volume = {75},
	Year = {1994}}

@InCollection{NicholsEtAl2009,
  author    = {Nichols, J.D. and Thomas, L. and Conn, P.B.},
  title     = {Inferences about landbird abundance from count data: recent advances and future directions},
  booktitle = {Modeling demographic processes in marked populations},
  year      = {2009},
  editor    = {Thomson, D.L. and Cooch, E.G. and Conroy, M.J.},
  volume    = {3},
  series    = {Environmental and Ecological Statistics Series},
  publisher = {Springer},
  pages     = {201-236},
  address   = {New York},
  owner     = {paul.conn},
  timestamp = {2011.07.05},
}

@article{Nichols2004,
	Author = {Nichols, J. D. and Kendall, W. L. and Hines, J. E. and Spendelow, J. A.},
	Journal = {Ecology},
	Owner = {paul.conn},
	Pages = {3192-3201},
	Timestamp = {2013.05.24},
	Title = {Estimation of sex-specific survival from capture-recapture data when sex is not always known},
	Volume = {85},
	Year = {2004}}

@article{Nichols1992,
	Author = {Nichols, J. D. and Sauer, J. R. and Pollock, K. H. and Hestbeck, J. B.},
	Journal = {Ecology},
	Owner = {paul.conn},
	Pages = {306-312},
	Timestamp = {2012.08.27},
	Title = {Estimating transition probabilities for stage-based population projection matrices using capture-recapture data},
	Volume = {73},
	Year = {1992}}

@article{Norvell2003,
	Author = {Norvell, R.L. and Young, F.P. and Parrish, J.P.},
	Journal = {Auk},
	Owner = {paul.conn},
	Pages = {1013-1028},
	Timestamp = {2011.10.04},
	Title = {A seven-year comparison of relative-abundance and distance-sampling methods},
	Volume = {120},
	Year = {2003}}

@article{Noyce2001,
	Author = {Noyce, K. V. and Garshelis, D. L. and Coy, P. L.},
	Journal = {Ursus},
	Owner = {paul.conn},
	Pages = {211--226},
	Timestamp = {2013.05.24},
	Title = {Differential vulnerability of black bears to trap and camera sampling and resulting biases in mark-recapture estimates},
	Volume = {12},
	Year = {2001}}

@article{OldenEtAl2008,
	Author = {Olden, J. D. and Lawler, J. J. and Poff, N. L.},
	Journal = {Quarterly Review of Biology},
	Owner = {paul.conn},
	Pages = {171-193},
	Timestamp = {2013.07.09},
	Title = {Machine learning methods without tears: a primer for ecologists},
	Volume = {83},
	Year = {2008}}

@article{Osborne1991,
	Author = {Osborne, C.},
	Journal = {International statistical review},
	Owner = {paul.conn},
	Pages = {309-336},
	Timestamp = {2013.05.24},
	Title = {Statistical calibration - a review},
	Volume = {59},
	Year = {1991}}

@article{Otis1978,
	Author = {Otis, D. L. and Burnham, K. P. and White, G. C. and Anderson, D. R.},
	Journal = {Wildlife Monographs},
	Owner = {paul.conn},
	Pages = {7--135},
	Timestamp = {2013.05.24},
	Title = {Statistical-inference from capture data on closed animal populations},
	Volume = {62},
	Year = {1978}}

@article{Ozgul2009,
	Author = {Ozgul, A. and Oli, M.K. and Bolker, B.M. and Perez-Heydrich, C.},
	Journal = {Ecological Applications},
	Owner = {paul.conn},
	Pages = {786-798},
	Timestamp = {2011.08.11},
	Title = {Upper respiratory tract disease, force of infection, and effects of survival on gopher tortoises},
	Volume = {19},
	Year = {2009}}

@article{PacificiEtAl2012,
	Author = {Pacifici, K. and Dorazio, R. M. and Conroy, M. J.},
	Journal = {Methods in Ecology and Evolution},
	Owner = {paul.conn},
	Pages = {721-730},
	Timestamp = {2015.01.23},
	Title = {A two-phase sampling design for increasing detections of rare species in occupancy studies},
	Volume = {3},
	Year = {2012}}

@article{PatiEtAl2011,
	Author = {Pati, Debdeep and Reich, Brian J and Dunson, David B},
	Journal = {Biometrika},
	Number = {1},
	Pages = {35--48},
	Publisher = {Biometrika Trust},
	Title = {Bayesian geostatistical modelling with informative sampling locations},
	Volume = {98},
	Year = {2011}}

@article{PatilRao1978,
	Author = {Patil, G. P. and Rao, C. R.},
	Journal = {Biometrics},
	Owner = {paul.conn},
	Pages = {179-189},
	Timestamp = {2013.12.10},
	Title = {Weighted distributions and size-biased sampling with applications to wildlife populations and human families},
	Volume = {34},
	Year = {1978}}

@article{Peach1994,
	Author = {Peach, W. J. and Thompson, P. S. and Coulson, J. C.},
	Journal = {Journal of Animal Ecology},
	Owner = {paul.conn},
	Pages = {60--70},
	Timestamp = {2013.05.24},
	Title = {Annual and long-term variation in the survival of British lapwings Venellus-vanellus},
	Volume = {63},
	Year = {1994}}

@article{PeacockEtAl2013,
	Author = {Peacock, Elizabeth and Taylor, Mitchell K and Laake, Jeffrey and Stirling, Ian},
	Journal = {The Journal of Wildlife Management},
	Number = {3},
	Pages = {463--476},
	Publisher = {Wiley Online Library},
	Title = {Population ecology of polar bears in Davis Strait, Canada and Greenland},
	Volume = {77},
	Year = {2013}}

@article{PeelEtAl2013,
	Author = {Peel, D and Bravington, MV and Kelly, N and Wood, Simon N and Knuckey, I},
	Journal = {Journal of Agricultural, Biological, and Environmental Statistics},
	Number = {1},
	Pages = {1--21},
	Publisher = {Springer},
	Title = {A Model-Based Approach to Designing a Fishery-Independent Survey},
	Volume = {18},
	Year = {2013}}

@article{Pella1979,
	Author = {Pella, J. J. and T. L. Robertson},
	Journal = {U.S. Fisheries Bulletin},
	Owner = {paul.conn},
	Pages = {387-398},
	Timestamp = {2013.05.24},
	Title = {Assessment of composition of stock mixtures},
	Volume = {77},
	Year = {1979}}

@article{PerryEtAl2002,
	__Markedentry = {[paul.conn:]},
	Author = {Perry, J.N. and Liebhold, A.M. and Rosenberg, M.S. and Dungan, J. and Miriti, M. and Jakomulska, A. and Citron-Pousty, S.},
	Journal = {Ecography},
	Number = {5},
	Owner = {paul.conn},
	Pages = {578--600},
	Publisher = {Wiley Online Library},
	Timestamp = {2016.03.02},
	Title = {Illustrations and guidelines for selecting statistical methods for quantifying spatial pattern in ecological data},
	Volume = {25},
	Year = {2002}}

@incollection{Piatt2007,
	Address = {Amsterdam},
	Author = {Piatt, J. F. and Springer, A. M.},
	Booktitle = {Long-term Ecological Change in the Northern Gulf of Alaska},
	Owner = {paul.conn},
	Pages = {522-526},
	Publisher = {Elsevier},
	Timestamp = {2013.04.16},
	Title = {Marine ecoregions of Alaska},
	Year = {2007}}

@article{PicardCook1984,
	Author = {Picard, R. R. and Cook, R. D.},
	Journal = {Journal of the American Statistical Association},
	Owner = {paul.conn},
	Pages = {575-583},
	Timestamp = {2015.01.15},
	Title = {Cross-validation of regression models},
	Volume = {79},
	Year = {1984}}

@article{Pine2003,
	Author = {Pine, W. E. and Pollock, K. H. and Hightower, J. E. and Kwak, T. J. and Rice, J. A.},
	Journal = {Fisheries},
	Owner = {paul.conn},
	Pages = {10--23},
	Timestamp = {2013.05.24},
	Title = {A review of tagging methods for estimating fish population size and components of mortality},
	Volume = {28},
	Year = {2003}}

@article{Pledger2000,
	Author = {Pledger, S.},
	Journal = {Biometrics},
	Owner = {paul.conn},
	Pages = {434--442},
	Timestamp = {2013.05.24},
	Title = {Unified maximum likelihood estimates for closed capture-recapture models using mixtures},
	Volume = {56},
	Year = {2000}}

@inproceedings{Plummer2003,
	Author = {Plummer, Martyn},
	Booktitle = {Proceedings of the 3rd international workshop on distributed statistical computing},
	Organization = {Technische Universit at Wien Wien, Austria},
	Pages = {125},
	Title = {JAGS: A program for analysis of Bayesian graphical models using Gibbs sampling},
	Volume = {124},
	Year = {2003}}

@article{Pollock2006,
	Author = {Pollock, K.H. and Marsh, H.D. and Lawler, I.R. and Alldredge, M.W.},
	Journal = {Journal of Willdife Management},
	Owner = {paul.conn},
	Pages = {255-262},
	Timestamp = {2011.07.05},
	Title = {Estimating animal abundance in heterogeneous environments: An application to aerial surveys for Dugongs},
	Volume = {70},
	Year = {2006}}

@article{Pollock2002,
	Author = {Pollock, K. H.},
	Journal = {Journal of Applied Statistics},
	Owner = {paul.conn},
	Pages = {85--102},
	Timestamp = {2013.05.24},
	Title = {The use of auxiliary variables in capture-recapture modeling: an overview},
	Volume = {29},
	Year = {2002}}

@article{Poole2002,
	Author = {Poole, D.},
	Journal = {Journal of Agricultural, Biological, and Environmental Statistics},
	Owner = {paul.conn},
	Pages = {264-276},
	Timestamp = {2010.01.28},
	Title = {Bayesian estimation of survival from mark-recapture data},
	Volume = {7},
	Year = {2002}}

@article{Porch2006,
	Author = {Porch, C. E. and Eklund, A. and Scott, G. P.},
	Journal = {Fishery Bulletin},
	Owner = {paul.conn},
	Pages = {89-101},
	Timestamp = {2010.09.22},
	Title = {A catch-free stock assessment model with application to goliath grouper (Epinephelus itajara) off southern Florida},
	Volume = {104},
	Year = {2006}}

@article{PottsElith2006,
	Author = {Potts, Joanne M and Elith, Jane},
	Journal = {Ecological Modelling},
	Number = {2},
	Pages = {153--163},
	Publisher = {Elsevier},
	Title = {Comparing species abundance models},
	Volume = {199},
	Year = {2006}}

@article{Pradel2005,
	Author = {Pradel, R.},
	Journal = {Biometrics},
	Owner = {paul.conn},
	Pages = {442-447},
	Timestamp = {2013.05.24},
	Title = {Multievent: An extension of multistate capture-recapture models to uncertain states},
	Volume = {61},
	Year = {2005}}

@article{Pradel1996,
	Author = {Pradel, R.},
	Journal = {Biometrics},
	Owner = {paul.conn},
	Pages = {703-709},
	Timestamp = {2013.05.24},
	Title = {Utilization of capture-mark-recapture for the study of recruitment and population growth rate},
	Volume = {52},
	Year = {1996}}

@article{Pradel2003,
	Author = {Pradel, R. and Wintrebert, C. and Gimenez, O.},
	Journal = {Biometrics},
	Owner = {paul.conn},
	Pages = {43-53},
	Timestamp = {2012.08.28},
	Title = {A proposal for a goodness-of-fit test to the {A}rnason-{S}chwarz multisite capture-recapture model},
	Volume = {59},
	Year = {2003}}

@book{PradoWest2010,
	Address = {Boca Raton, Florida},
	Author = {Prado, R. and West, M.},
	Owner = {paul.conn},
	Publisher = {Chapman \& Hall/CRC},
	Timestamp = {2013.12.06},
	Title = {Time series: modeling, computation, and inference},
	Year = {2010}}

@manual{Prager2005,
	Address = {Beaufort, NC},
	Author = {Prager, M. H.},
	Organization = {National Marine Fishery Service, Beaufort Laboratory Document BL-2004-01},
	Owner = {paul.conn},
	Timestamp = {2013.05.24},
	Title = {User's Manual for ASPIC: A Stock-Production Model Incorporating Covariates (ver. 5) And Auxiliary Programs},
	Year = {2005}}

@article{Prager2002,
	Author = {Prager, M. H.},
	Journal = {Fisheries Research},
	Owner = {paul.conn},
	Pages = {41-57},
	Timestamp = {2013.05.24},
	Title = {Comparison of logistic and generalized surplus-production models applied to swordfish, {\it Xiphias gladius}, in the north Atlantic Ocean},
	Volume = {58},
	Year = {2002}}

@article{Prager1994,
	Author = {Prager, M. H.},
	Journal = {Fisheries Bulletin},
	Owner = {paul.conn},
	Pages = {374-389},
	Timestamp = {2013.05.24},
	Title = {A suite of extensions to a nonequilibrium surplus-production model},
	Volume = {92},
	Year = {1994}}

@article{Prager2003,
	Author = {Prager, M. H. and Porch, C. E. and Shertzer, K. W. and Caddy, J. F.},
	Journal = {North American Journal of Fisheries Management},
	Owner = {paul.conn},
	Pages = {349-361},
	Timestamp = {2013.05.24},
	Title = {Targets and limits for management of fisheries: A simple probability-based approach},
	Volume = {23},
	Year = {2003}}

@book{Preisendorfer1988,
	Address = {Amsterdam},
	Author = {Preisendorfer, R. W.},
	Owner = {paul.conn},
	Publisher = {Elsevier},
	Timestamp = {2013.12.09},
	Title = {Principal component analysis in meteorology and oceanography},
	Year = {1988}}

@article{Punt2003,
	Author = {Punt, A. E.},
	Journal = {Fisheries Research},
	Owner = {paul.conn},
	Pages = {391-409},
	Timestamp = {2013.05.24},
	Title = {The performance of a size-structured stock assessment method in the fact of spatial heterogeneity in growth},
	Volume = {65},
	Year = {2003}}

@incollection{Punt:2006nx,
	Author = {A. E. Punt and G. Fay},
	Booktitle = {Sea Lions of the World},
	Editor = {A. W. Trites and S. K. Atkinson and D. P. DeMaster and L. W. Fritz and T. S. Gelatt and L. D. Rea and K. M. Wynne},
	Pages = {435--454},
	Publisher = {Alaska Sea Grant College Program},
	Title = {Can Experimental Manipulation Be Used to Determine the Cause of the Decline of Western Stock of Steller Sea Lions (\textit{{E}umetopias jubatus})?},
	Year = {2006}}

@incollection{Punt:2006ij,
	Author = {A. E. Punt and G. Fay},
	Booktitle = {Sea Lions of the World},
	Pages = {405--433},
	Publisher = {Alaska Sea Grant College Program},
	Title = {Modeling Spatial Dynamics of {S}teller Sea Lions (\textit{{E}umetopias jubatus}) Using Maximum Likelihood and Bayesian Methods: Evaluating Causes for Population Decline},
	Year = {2006}}

@unpublished{Punt:2002oq,
	Author = {A. E. Punt and G. Fay},
	Note = {Unpubl. Rep. to NMFS National Marine Mammal Laboratory},
	Title = {{FINAL REPORT}: Methods for Determining Extinction risk and Recovery Probability of {S}teller Sea Lion Populations Subject to Harvesting, Demographic and Environmental Stochasticity, and Catastrophic Events},
	Year = {2002}}

@book{Quinn1999,
	Address = {New York},
	Author = {Quinn, T. J. II and Deriso, R. B.},
	Owner = {paul.conn},
	Publisher = {Oxford University Press},
	Timestamp = {2013.05.24},
	Title = {Quantitative Fish Dynamics},
	Year = {1999}}

@Manual{RTeam2017,
  author       = {{R Development Core Team}},
  title        = {R: a Language and environment for statistical computing},
  year         = {2017},
  note         = {{ISBN} 3-900051-07-0},
  organization = {R Foundation for Statistical Computing},
  url          = {http://www.R-project.org},
  address      = {Vienna, Austria},
  bdsk-url-1   = {http://www.R-project.org},
  owner        = {paul.conn},
  timestamp    = {2013.05.24},
}

@article{Racine-Poon1988,
	Author = {Racine-Poon, A.},
	Journal = {Journal of the American Statistical Association},
	Owner = {paul.conn},
	Pages = {650-656},
	Timestamp = {2013.05.24},
	Title = {A {B}ayesian approach to nonlinear calibration problems},
	Volume = {83},
	Year = {1988}}

@article{Ramsey1987,
	Author = {Ramsey, F.L. and Wildman, V. and Engbring, J.},
	Journal = {Biometrics},
	Owner = {paul.conn},
	Pages = {1-11},
	Timestamp = {2011.10.05},
	Title = {Adjustments to effective area in variable-area wildlife surveys},
	Volume = {43},
	Year = {1987}}

@article{Redfern2006,
	Author = {Redfern, J.V. and Ferguson, M.C. and Becker, E.A. and Good, C. and Barlow, J. and Kaschner, K. and Baumgartner, M.F. and Forney, K.A. and Ballance, L.T. and Fauchald, P. and Halpin, P. and Hamazaki, T. and Pershing, A.J. and Qian, S.S. and Read, A. and Reilly, S.B. and Torres, L. and Werner, F.},
	Journal = {Marine Ecology Progress Series},
	Owner = {paul.conn},
	Pages = {271-295},
	Timestamp = {2012.04.09},
	Title = {Techniques for cetacean-habitat modeling},
	Volume = {310},
	Year = {2006}}

@article{Reeves2003,
	Author = {Reeves, S. A.},
	Journal = {ICES Journal of Marine Science},
	Owner = {paul.conn},
	Pages = {314-328},
	Timestamp = {2013.05.24},
	Title = {A simulation study of the implications of age-reading errors for stock assessment and management advice},
	Volume = {60},
	Year = {2003}}

@article{RegehrEtAl2010,
	Author = {Regehr, Eric V and Hunter, Christine M and Caswell, Hal and Amstrup, Steven C and Stirling, Ian},
	Journal = {Journal of Animal Ecology},
	Number = {1},
	Pages = {117--127},
	Publisher = {Wiley Online Library},
	Title = {Survival and breeding of polar bears in the southern Beaufort Sea in relation to sea ice},
	Volume = {79},
	Year = {2010}}

@article{RegehrEtAl2007,
	Author = {Regehr, Eric V and Lunn, Nicholas J and Amstrup, Steven C and Stirling, Ian},
	Journal = {The journal of wildlife management},
	Number = {8},
	Pages = {2673--2683},
	Publisher = {Wiley Online Library},
	Title = {Effects of earlier sea ice breakup on survival and population size of polar bears in western Hudson Bay},
	Volume = {71},
	Year = {2007}}

@article{Reich2006,
	Author = {Reich, B.J. and Hodges, J.S. and Zadnik, V.},
	Journal = {Biometrics},
	Owner = {paul.conn},
	Pages = {1197-1206},
	Timestamp = {2012.01.10},
	Title = {Effects of residual smoothing on the posterior of the fixed effects in disease-mapping models},
	Volume = {62},
	Year = {2006}}

@book{Renshaw1991,
	Address = {Cambridge, UK},
	Author = {Renshaw, E.},
	Owner = {paul.conn},
	Publisher = {Cambridge University Press},
	Timestamp = {2013.05.24},
	Title = {Modelling biological populations in space and time},
	Year = {1991}}

@article{Richards1992,
	Author = {Richards, L. J. and Schnute, J. T. and Kronlund, A. R. and Beamish, R. J.},
	Journal = {Canadian Journal of Fisheries and Aquatic Sciences},
	Owner = {paul.conn},
	Pages = {1801-1815},
	Timestamp = {2013.05.24},
	Title = {Statistical models for the analysis of ageing error},
	Volume = {49},
	Year = {1992}}

@article{Ricker1975,
	Author = {Ricker, W. E.},
	Journal = {Bulletin of the Fisheries Research Board of Canada},
	Owner = {paul.conn},
	Pages = {382 pp.},
	Timestamp = {2013.05.24},
	Title = {Computation and Interpretation of Biological Statistics of Fish Populations},
	Volume = {191},
	Year = {1975}}

@article{Ricklefs1997,
	Author = {Ricklefs, R.},
	Journal = {Ecological Monographs},
	Owner = {paul.conn},
	Pages = {23-43},
	Timestamp = {2013.05.24},
	Title = {Comparative demography of new world populations of thrushes (\emph{Turdus} spp.)},
	Volume = {67},
	Year = {1997}}

@article{Riddle2010,
	Author = {Riddle, J.D. and Stanislav, S.J. and Pollock, K.H. and Moorman, C.E. and Perkins, F.S.},
	Journal = {Journal of Willdife Management},
	Owner = {paul.conn},
	Pages = {1319-1325},
	Timestamp = {2011.12.22},
	Title = {Separating components of the detection process with combined methods: An example with northern bobwhite},
	Volume = {74},
	Year = {2010}}

@book{Robert2004,
	Address = {New York},
	Author = {Robert, C.P. and Casella, G.},
	Owner = {paul.conn},
	Publisher = {Springer},
	Timestamp = {2011.07.05},
	Title = {Monte Carlo Satatistical Methods, 2nd Edition},
	Year = {2004}}

@article{Roberts1998,
	Author = {Roberts, G. and Rosenthal, J.},
	Journal = {Canadian Journal of Statistics},
	Owner = {paul.conn},
	Pages = {5-32},
	Timestamp = {2011.07.20},
	Title = {Markov chain {M}onte {C}arlo: Some practical implications of theoretical results (with discussion)},
	Volume = {26},
	Year = {1998}}

@article{RobertsSahu1997,
	Author = {Roberts, G. O. and Sahu, S. K.},
	Journal = {Journal of the Royal Statistical Society, Series B},
	Owner = {paul.conn},
	Pages = {291-317},
	Timestamp = {2013.05.24},
	Title = {Updating schemes, correlation structure, blocking and parameterization for the Gibbs sampler},
	Volume = {59},
	Year = {1997}}

@article{RobinsEtAl2000,
	__Markedentry = {[paul.conn:]},
	Author = {Robins, James M and van der Vaart, Aad and Ventura, Val{\'e}rie},
	Journal = {Journal of the American Statistical Association},
	Number = {452},
	Owner = {paul.conn},
	Pages = {1143--1156},
	Publisher = {Taylor \& Francis},
	Timestamp = {2016.03.02},
	Title = {Asymptotic distribution of P values in composite null models},
	Volume = {95},
	Year = {2000}}

@article{Robinson2004,
	Author = {Robinson, R. A. and Green, R. E. and Baillie, S. R. and Peach, W. J. and Thomson, D. L.},
	Journal = {Journal of Animal Ecology},
	Owner = {paul.conn},
	Pages = {670--782},
	Timestamp = {2013.05.24},
	Title = {Demographic mechanism of the population decline of the song thrush Turdus philomelos in Britain},
	Volume = {73},
	Year = {2004}}

@article{RodeEtAl2010,
	Author = {Rode, Karyn D and Amstrup, Steven C and Regehr, Eric V},
	Journal = {Ecological Applications},
	Number = {3},
	Pages = {768--782},
	Publisher = {Eco Soc America},
	Title = {Reduced body size and cub recruitment in polar bears associated with sea ice decline},
	Volume = {20},
	Year = {2010}}

@article{Rose2001,
	Author = {Rose, K. A. and Cowan Jr, J. H. and Winemiller, K. O. and Myers, R. A. and Hilborn, R.},
	Journal = {Fish and Fisheries},
	Owner = {paul.conn},
	Pages = {293-327},
	Timestamp = {2013.05.24},
	Title = {Compensatory density dependence in fish populations: importance, controversy, understanding, and prognosis},
	Volume = {2},
	Year = {2001}}

@article{Rosenberg2006,
	Author = {Rosenberg, A. A. and Swasey, J. H. and Bowman, M.},
	Journal = {Frontiers in Ecology and the Environment},
	Owner = {paul.conn},
	Pages = {303-308},
	Timestamp = {2013.05.24},
	Title = {Rebuilding US fisheries: progress and problems},
	Volume = {4},
	Year = {2006}}

@article{Rosenberry2004,
	Author = {Rosenberry, C. S. and Diefenbach, D. R. and Wallingford, B. D.},
	Journal = {Journal of Wildlife Management},
	Owner = {paul.conn},
	Pages = {860-869},
	Timestamp = {2013.05.24},
	Title = {Reporting-rate variability and precision of white-tailed deer harvest estimates in Pennsylvania},
	Volume = {68},
	Year = {2004}}

@article{RossEtAl2012,
	Author = {Ross, B. E. and Hooten, M. B. and Koons, D. N.},
	Journal = {PLoS ONE},
	Owner = {paul.conn},
	Pages = {e49395},
	Timestamp = {2013.12.04},
	Title = {An accessible method for implementing hierarchical models with spatio-temporal abundance data},
	Volume = {7},
	Year = {2012}}

@article{Rouan2009,
	Author = {Rouan, L. and Choquet, R. and Pradel, R.},
	Journal = {Journal of Agricultural, Biological, and Environmental Statistics},
	Owner = {paul.conn},
	Pages = {338-355},
	Timestamp = {2012.08.27},
	Title = {A general framework for modeling memory in capture-recapture data},
	Volume = {14},
	Year = {2009}}

@article{Royle2009,
	Author = {Royle, J.A.},
	Journal = {Biometrics},
	Owner = {paul.conn},
	Pages = {267-274},
	Timestamp = {2011.10.07},
	Title = {Analysis of capture-recapture models with individual covariates using data augmentation},
	Volume = {65},
	Year = {2009}}

@article{Royle2008a,
	Author = {Royle, J.A.},
	Journal = {Journal of Agricultural, Biological, and Environmental Statistics},
	Owner = {paul.conn},
	Pages = {23-36},
	Timestamp = {2011.10.07},
	Title = {Hierarchical modeling of cluster size in wildlife surveys},
	Volume = {13},
	Year = {2008}}

@article{Royle2004a,
	Author = {Royle, J.A.},
	Journal = {Biometrics},
	Owner = {paul.conn},
	Pages = {108-115},
	Timestamp = {2010.07.06},
	Title = {N-mixture models for estimating population size from spatially replicated counts},
	Volume = {60},
	Year = {2004}}

@article{RoyleBerliner1999,
	Author = {J. Andrew Royle and L. Mark Berliner},
	Journal = {Journal of Agricultural, Biological, and Environmental Statistics},
	Pages = {29--56},
	Title = {A Hierarchical Approach to Multivariate Spatial Modeling and Prediction},
	Volume = {4},
	Year = {1999}}

@article{RoyleEtAl2013,
	Author = {Royle, J. A. and Chandler, R. B. and Sun, C. C. and Fuller, A. K.},
	Journal = {Methods in Ecology and Evolution},
	Owner = {paul.conn},
	Pages = {520-530},
	Timestamp = {2013.12.10},
	Title = {Integrating resource selection information with spatial capture-recapture},
	Volume = {4},
	Year = {2013}}

@article{Royle2010a,
	Author = {Royle, J. A. and Dorazio, R. M.},
	Journal = {Journal of Ornithology},
	Owner = {paul.conn},
	Pages = {521-537},
	Timestamp = {2012.01.31},
	Title = {Parameter-expanded data augmentation for {B}ayesian analysis of capture-recapture models},
	Volume = {152},
	Year = {2010}}

@article{Royle2002,
	Author = {Royle, J. A. and Link, W. A.},
	Journal = {Journal of Applied Statistics},
	Owner = {paul.conn},
	Pages = {329-351},
	Timestamp = {2013.05.24},
	Title = {Random effects and shrinkage estimation in capture-recapture models},
	Volume = {29},
	Year = {2002}}

@article{RoyleNychka1998,
	Author = {Royle, J. A. and Nychka, D.},
	Journal = {Computers \& Geosciences},
	Owner = {paul.conn},
	Pages = {479-488},
	Timestamp = {2015.03.17},
	Title = {An algorithm for the construction of spatial coverage designs with implementation in {SPLUS}},
	Volume = {24},
	Year = {1998}}

@article{Royle2004,
	Author = {Royle, J.A. and Dawson, D.K. and Bates, S.},
	Journal = {Ecology},
	Owner = {paul.conn},
	Pages = {1591-1597},
	Timestamp = {2011.10.05},
	Title = {Modeling abundance effects in distance sampling},
	Volume = {85},
	Year = {2004}}

@book{RoyleDorazio2008,
	Address = {London, U.K.},
	Author = {Royle, J.A. and Dorazio, R.M.},
	Owner = {paul.conn},
	Publisher = {Academic Press},
	Timestamp = {2011.10.06},
	Title = {Hierarchical {M}odeling and {I}nference in {E}cology},
	Year = {2008}}

@article{Royle2007b,
	Author = {Royle, J.A. and Dorazio, R.M. and Link, W.A.},
	Journal = {Journal of Computational and Graphical Statistics},
	Owner = {paul.conn},
	Pages = {1-19},
	Timestamp = {2011.10.06},
	Title = {Analysis of multinomial models with unknown index using data augmentation},
	Volume = {16},
	Year = {2007}}

@article{Royle2007a,
	Author = {Royle, J.A. and K\'{e}ry, M. and Gautier, R. and Schmid, H.},
	Journal = {Ecological Monographs},
	Owner = {paul.conn},
	Pages = {465-481},
	Timestamp = {2011.10.05},
	Title = {Hierarchical spatial models of abundance and occurence from imperfect survey data},
	Volume = {77},
	Year = {2007}}

@article{Royle2007,
	Author = {Royle, J.A. and Kery, M.},
	Journal = {Ecology},
	Owner = {paul.conn},
	Pages = {1813-1823},
	Timestamp = {2012.05.17},
	Title = {A Bayesian state-space formulation of dynamic occupancy models},
	Volume = {88},
	Year = {2007}}

@article{Royle2006,
	Author = {Royle,J.A. and Link,W.A.},
	Journal = {Ecology},
	Owner = {paul.conn},
	Pages = {835-841},
	Timestamp = {2011.07.15},
	Title = {Generalized site occupancy models allowing for false positive and false negative errors},
	Volume = {87},
	Year = {2006}}

@article{Royle2003,
	Author = {Royle, J.A. and Nichols, J.D.},
	Journal = {Ecology},
	Owner = {paul.conn},
	Pages = {777-790},
	Timestamp = {2010.07.06},
	Title = {Estiimating abundance from repeated presence-absence data or point counts},
	Volume = {84},
	Year = {2003}}

@article{Rubin1976,
	Author = {Rubin},
	Journal = {Biometrika},
	Owner = {paul.conn},
	Pages = {581-592},
	Timestamp = {2011.12.22},
	Title = {Inference and missing data},
	Volume = {63},
	Year = {1976}}

@article{Rubin1981,
	__Markedentry = {[paul.conn:]},
	Author = {Rubin, Donald B},
	Journal = {Journal of Educational and Behavioral Statistics},
	Number = {4},
	Owner = {paul.conn},
	Pages = {377--401},
	Publisher = {SAGE Publications},
	Timestamp = {2016.03.02},
	Title = {Estimation in parallel randomized experiments},
	Volume = {6},
	Year = {1981}}

@article{Rubin1984,
	__Markedentry = {[paul.conn:]},
	Author = {Rubin, Donald B and others},
	Journal = {The Annals of Statistics},
	Number = {4},
	Owner = {paul.conn},
	Pages = {1151--1172},
	Publisher = {Institute of Mathematical Statistics},
	Timestamp = {2016.03.02},
	Title = {Bayesianly justifiable and relevant frequency calculations for the applied statistician},
	Volume = {12},
	Year = {1984}}

@book{RueHeld2005,
	Address = {Boca Raton, Florida, USA},
	Author = {Rue, H. and Held, L.},
	Owner = {xconn},
	Publisher = {Chapman \& Hall/CR},
	Timestamp = {2011.06.22},
	Title = {Gaussian Markov Random Fields},
	Year = {2005}}

@article{Runge2007,
	Author = {Runge, J. P. and Hines, J. E. and Nichols, J. D.},
	Journal = {Ecology},
	Owner = {paul.conn},
	Pages = {282-288},
	Timestamp = {2013.05.24},
	Title = {Estimating species-specific survival and movement when species identification is uncertain},
	Volume = {88},
	Year = {2007}}

@unpublished{Sampson:1995cr,
	Author = {D. B. Sampson},
	Note = {Unpubl. Rep. Oregon State University, Hatfield Marine Science Centre, Newport, Oregon, OR 97365. [Available at http://www.marinemammal.org/pdfs/sampson1995.pdf].},
	Title = {An Analysis of Groundfish Fishing Activities Near {S}teller Sea Lion Rookeries in {A}laska},
	Year = {1995}}

@article{SargeantEtAl2005,
	Author = {Sargeant, G. A. and Sovada, M. A. and Slivinski, C. C. and Johnson, D. H.},
	Journal = {Journal of Wildlife Management},
	Owner = {paul.conn},
	Pages = {483-497},
	Timestamp = {2013.07.09},
	Title = {{M}arkov chain {M}onte {C}arlo estimation of species distributions: a case study of the swift fox in western Kansas},
	Volume = {69},
	Year = {2005}}

@book{SASInstituteInc2004,
	Address = {Cary, NC},
	Author = {{SAS Institute Inc}},
	Owner = {paul.conn},
	Publisher = {SAS Institute Inc.},
	Timestamp = {2013.05.24},
	Title = {SAS/IML 9.1 User's Guide},
	Year = {2004}}

@article{SauerLink2011,
	Author = {Sauer, J. R. and Link, W. A.},
	Journal = {Auk},
	Owner = {paul.conn},
	Pages = {87-98},
	Timestamp = {2013.12.04},
	Title = {Analysis of the {N}orth {A}merican breeding bird survey using hierarchical models},
	Volume = {128},
	Year = {2011}}

@article{Schaefer1957,
	Author = {Schaefer, M. B.},
	Journal = {Bulletin of the Inter-American Tropical Tuna Commission},
	Owner = {paul.conn},
	Pages = {247-268},
	Timestamp = {2013.05.24},
	Title = {A study of the dynamics of the fishery for yellowfin tuna in the eastern tropical Pacific Ocean},
	Volume = {2},
	Year = {1957}}

@article{Schaefer1954,
	Author = {Schaefer, M. B.},
	Journal = {Bulletin of the Inter-American Tropical Tuna Commission},
	Owner = {paul.conn},
	Pages = {27-56},
	Timestamp = {2013.05.24},
	Title = {Some aspects of the dynamics of populations important to the management of the commercial marine fisheries},
	Volume = {1},
	Year = {1954}}

@article{Schaub2005,
	Author = {Schaub, M. and Kania, W. and Koppen, U.},
	Journal = {Journal of Animal Ecology},
	Owner = {paul.conn},
	Pages = {656-666},
	Timestamp = {2013.05.24},
	Title = {Variation of primary production during winter induces synchrony in survival rates in migratory white storks Ciconia ciconia},
	Volume = {74},
	Year = {2005}}

@article{Schaub2004,
	Author = {Schaub, M. and Pradel, R.},
	Journal = {Ecology},
	Owner = {paul.conn},
	Pages = {930--938},
	Timestamp = {2013.05.24},
	Title = {Assessing the relative importance of different sources of mortality from recoveries of marked animals},
	Volume = {85},
	Year = {2004}}

@article{Schmidt2011,
	Author = {Schmidt, J.H. and Rattenbury, K.L. and Lawler, J.P. and Maccluskie, M.C.},
	Journal = {Journal of Wildlife Management},
	Owner = {paul.conn},
	Pages = {317-327},
	Timestamp = {2012.01.11},
	Title = {Using distance sampling and hierarchical models to improve estimates of Dall's sheep abundance},
	Volume = {76},
	Year = {2011}}

@article{Schnute1995,
	Author = {Schnute, J. T. and Richards, L. J.},
	Journal = {Canadian Journal of Fisheries and Aquatic Sciences},
	Owner = {paul.conn},
	Pages = {2063-2077},
	Timestamp = {2013.05.24},
	Title = {The influence of error on population estimates from catch-age models},
	Volume = {52},
	Year = {1995}}

@article{Schofield2011,
	Author = {Schofield, M.R. and Barker, R.J.},
	Journal = {Journal of Agricultural, Biological, and Environmental Statistics},
	Owner = {paul.conn},
	Pages = {253-268},
	Timestamp = {2011.10.06},
	Title = {Full open population capture-recapture models with individual covariates},
	Volume = {16},
	Year = {2011}}

@article{SchwarzArnason1996,
	Author = {Schwarz, C. J. and Arnason, A. N.},
	Journal = {Biometrics},
	Owner = {paul.conn},
	Pages = {860-873},
	Timestamp = {2014.05.02},
	Title = {A general methodology for the analysis of capture-recapture experiments in open populations},
	Volume = {52},
	Year = {1996}}

@article{Schwarz1993,
	Author = {Schwarz, C. J. and Schweigert, J. F. and Arnason, A. N.},
	Journal = {Biometrics},
	Owner = {paul.conn},
	Pages = {177-193},
	Timestamp = {2013.05.24},
	Title = {Estimating migration rates using tag-recovery data},
	Volume = {49},
	Year = {1993}}

@article{Schwarz1999,
	Author = {Schwarz, C. J. and Seber, G. A. F.},
	Journal = {Statistical Science},
	Note = {to appear},
	Owner = {paul.conn},
	Timestamp = {2013.05.24},
	Title = {Estimating animal abundance: review {III}.~},
	Year = {1999}}

@article{Schwarz1978,
	Author = {Schwarz, G.},
	Journal = {The Annals of Statistics},
	Owner = {paul.conn},
	Pages = {461-464},
	Timestamp = {2013.05.24},
	Title = {Estimating the dimension of a model},
	Volume = {6},
	Year = {1978}}

@article{Scott2011,
	Author = {Scott, S. L.},
	Journal = {Stat Papers},
	Owner = {paul.conn},
	Pages = {87-109},
	Timestamp = {2012.08.28},
	Title = {Data augmentation, frequentist estimation, and the {B}ayesian analysis of multinomial logit models},
	Volume = {52},
	Year = {2011}}

@article{Searle1980,
	Author = {Searle, S.R. and Speed, F.M. and Milliken, G.A.},
	Journal = {American Statistician},
	Owner = {paul.conn},
	Pages = {216-221},
	Timestamp = {2010.07.06},
	Title = {Population marginal means in the linear model: An alternative to least squares means},
	Volume = {34},
	Year = {1980}}

@book{Seber1982,
	Address = {Caldwell, NJ, USA},
	Author = {Seber, G. A. F.},
	Owner = {paul.conn},
	Publisher = {Blackburn Press},
	Timestamp = {2013.05.24},
	Title = {The Estimation of Animal Abundance and Related Parameters, 2nd Edition},
	Year = {1982}}

@manual{SEDAR2007,
	Author = {SEDAR},
	Owner = {paul.conn},
	Timestamp = {2013.05.24},
	Title = {SEDAR 15 Data Workshop Report},
	Year = {2007}}

@manual{SEDAR2007a,
	Address = {Available from http://www.sefsc.noaa.gov/sedar/ [accessed 6 March 2009]},
	Author = {SEDAR},
	Owner = {paul.conn},
	Timestamp = {2013.05.24},
	Title = {(SouthEast Data Assessment and Review) SEDAR 15 Assessment Workshop Report [online]},
	Year = {2007}}

@manual{SEDAR2006,
	Address = {Available from http://www.sefsc.noaa.gov/sedar/ [accessed 6 March 2009]},
	Author = {SEDAR},
	Owner = {paul.conn},
	Timestamp = {2013.05.24},
	Title = {(SouthEast Data Assessment and Review) SEDAR 10 Assessment Workshop Report [online]},
	Year = {2006}}

@article{SheltonEtAl2014,
	Author = {Shelton, A. O. and Thorson, J. T. and Ward, E. J. and Feist, B. E.},
	Journal = {Canadian Journal of Fisheres and Aquatic Sciences},
	Owner = {paul.conn},
	Pages = {1655-1666},
	Timestamp = {2015.02.11},
	Title = {Spatial semiparametric models improve estimates of species abundance and distribution},
	Volume = {71},
	Year = {2014}}

@article{Shertzer2006,
	Author = {Shertzer, K. W. and Prager, M. H.},
	Journal = {ICES Journal of Marine Science},
	Owner = {paul.conn},
	Pages = {149-159},
	Timestamp = {2013.05.24},
	Title = {Delay in fishery management: diminished yield, longer rebuilding, and increased probability of stock collapse},
	Volume = {64},
	Year = {2006}}

@incollection{Shertzer2008,
	Address = {Oxford},
	Author = {Shertzer, K. W. and Prager, M. H. and Vaughan, D. S. and Williams, E. H.},
	Booktitle = {Population Dynamics. Vol. [2] of Encyclopedia of Ecology, 5 vols.},
	Editor = {Jorgensen, S. E. and Fath, F.},
	Owner = {paul.conn},
	Pages = {1582-1593},
	Publisher = {Elsevier},
	Timestamp = {2013.05.24},
	Title = {Fishery models},
	Year = {2008}}

@article{Shipley2009,
	__Markedentry = {[paul.conn:]},
	Author = {Shipley, Bill},
	Journal = {Ecology},
	Number = {2},
	Owner = {paul.conn},
	Pages = {363--368},
	Publisher = {Eco Soc America},
	Timestamp = {2016.03.02},
	Title = {Confirmatory path analysis in a generalized multilevel context},
	Volume = {90},
	Year = {2009}}

@book{Silverman1986,
	Address = {London},
	Author = {Silverman, B. W.},
	Owner = {paul.conn},
	Publisher = {Chapman \& Hall},
	Timestamp = {2013.05.24},
	Title = {Density Estimation for Statistics and Data Analysis},
	Year = {1986}}

@article{Simons2007,
	Author = {Simons, T. R. and Alldredge, M. W. and Pollock, K. H. and Wettroth, J. M.},
	Journal = {The Auk},
	Owner = {paul.conn},
	Pages = {986-999},
	Timestamp = {2012.10.01},
	Title = {Experimental analysis of the auditory detection process on avian point counts},
	Volume = {124},
	Year = {2007}}

@book{Skalski2005,
	Address = {San Diego, CA, USA},
	Author = {Skalski, J. R. and Ryding, K. E. and Millspaugh, J. J.},
	Owner = {paul.conn},
	Publisher = {Elsevier Academic Press},
	Timestamp = {2013.05.24},
	Title = {Wildlife demography: analysis of sex, age, and count data},
	Year = {2005}}

@article{Smith1985,
	__Markedentry = {[paul.conn:]},
	Author = {Smith, J. Q.},
	Journal = {Journal of Forecasting},
	Number = {3},
	Owner = {paul.conn},
	Pages = {283--291},
	Publisher = {Wiley Online Library},
	Timestamp = {2016.03.02},
	Title = {Diagnostic checks of non-standard time series models},
	Volume = {4},
	Year = {1985}}

@article{Smith1991,
	Author = {Smith, P. J.},
	Journal = {Biometrika},
	Owner = {paul.conn},
	Pages = {399-407},
	Timestamp = {2013.05.24},
	Title = {Bayesian analyses for a multiple capture-recapture model},
	Volume = {78},
	Year = {1991}}

@mastersthesis{Soboleff:2006fk,
	Author = {Nathan James Soboleff},
	School = {University of Alaska Fairbanks},
	Title = {Potential Interactions between State-Managed Fisheries and Steller Sea Lions (\textit{{E}umetopias jubatus})},
	Year = {2006}}

@article{Soisalo2006,
	Author = {Soisalo, M. K. and Cavalcanti, S. M. C.},
	Journal = {Biological Conservation},
	Owner = {paul.conn},
	Pages = {487-496},
	Timestamp = {2009.12.21},
	Title = {Estimating the density of a jaguar population in the Brazilian Pantanal using camera-traps and capture-recapture sampling in combination with GPS radio-telemetry},
	Volume = {129},
	Year = {2006}}

@article{SpeckmanEtAl2011,
	Author = {Speckman, S. G. and Chernook, V. I. and Burn, D. M. and Udevitz, M. S. and Kochnev, A. A. and Vasilev, A. and Chandwick, J. V. and Lisovsky, A. and Fishcbach, A. S. and Benter, R. B.},
	Journal = {Marine Mammal Science},
	Owner = {paul.conn},
	Pages = {514-553},
	Timestamp = {2013.07.22},
	Title = {Results and evaluation of a survey to estimate {P}acific walrus population size, 2006.},
	Volume = {27},
	Year = {2011}}

@article{Spiegelhalter2002,
	Author = {Spiegelhalter, D. J. and Best, N. G. and Carlin, B. P. and van der Linde, A.},
	Journal = {Journal of the Royal Statistical Society Series B},
	Owner = {paul.conn},
	Pages = {583--639},
	Timestamp = {2013.05.24},
	Title = {Bayesian measures of model complexity and fit},
	Volume = {64},
	Year = {2002}}

@book{Steel1997,
	Address = {Boston, MA, USA},
	Author = {Steel, R. G. D. and Torrie, J. H. and Dickey, D. A.},
	Owner = {paul.conn},
	Publisher = {McGraw Hill},
	Timestamp = {2013.05.24},
	Title = {Principles and Procedures of Statistics: A Biometrical Approach, Third Edition},
	Year = {1997}}

@article{Steinhorst1989,
	Author = {Steinhorst, R.K. and Samuel, M.D.},
	Journal = {Biometrics},
	Owner = {paul.conn},
	Pages = {415-425},
	Timestamp = {2012.02.16},
	Title = {Sightability adjustment methods for aerial surveys of wildlife populations},
	Volume = {45},
	Year = {1989}}

@article{SternCressie2000,
	__Markedentry = {[paul.conn:]},
	Author = {Stern, Hal S and Cressie, Noel},
	Journal = {Statistics in Medicine},
	Number = {17-18},
	Owner = {paul.conn},
	Pages = {2377--2397},
	Publisher = {Wiley Online Library},
	Timestamp = {2016.03.02},
	Title = {Posterior predictive model checks for disease mapping models},
	Volume = {19},
	Year = {2000}}

@article{StevensOlsen2004,
	Author = {Stevens Jr., D.L. and Olsen, A.R.},
	Journal = {Journal of the American Statistical Association},
	Owner = {paul.conn},
	Pages = {262-278},
	Timestamp = {2012.01.25},
	Title = {Spatially balanced sampling of natural resources},
	Volume = {99},
	Year = {2004}}

@article{Sundberg1999,
	Author = {Sundberg, R.},
	Journal = {Scandinavian Journal of Statistics},
	Owner = {paul.conn},
	Pages = {161-207},
	Timestamp = {2013.05.24},
	Title = {Multivariate calibration - direct and inderect regression methodology},
	Volume = {26},
	Year = {1999}}

@article{Swartz2004,
	Author = {Swartz, T. and Haitovsky, Y. and Vexler, A. and Yang, T.},
	Journal = {Canadian Journal of Statistics},
	Owner = {paul.conn},
	Pages = {285-302},
	Timestamp = {2012.06.07},
	Title = {Bayesian identificability and misclassification in multinomial data},
	Volume = {32},
	Year = {2004}}

@article{Taberlet1996,
	Author = {Taberlet, P. and Griffin, S. and Goossens, B. and Questiau, S. and Manceau, V. and Escaravage, N. and Waits, L. P. and Bouvet, J.},
	Journal = {Nucleic Acids Research},
	Owner = {paul.conn},
	Pages = {3189-3194},
	Timestamp = {2013.05.24},
	Title = {Reliable genotyping of samples with very low {DNA} quantities using {PCR}},
	Volume = {24},
	Year = {1996}}

@phdthesis{Tabet2007,
	Author = {Tabet, A.},
	Owner = {paul.conn},
	School = {University of British Columbia},
	Timestamp = {2011.10.13},
	Title = {Bayesian Inference in the Multivariate Probit Model},
	Type = {M.S. Thesis},
	Year = {2007}}

@article{Tanner1987,
	Author = {Tanner, M.A. and Wong, W.H.},
	Journal = {Journal of the American Statistical Association},
	Owner = {paul.conn},
	Pages = {528-550},
	Timestamp = {2011.10.06},
	Title = {The calculation of posterior distributions by data augmentation (with discussion)},
	Volume = {82},
	Year = {1987}}

@article{TaylorEtAl2008,
	Author = {Taylor, Mitchell K and Laake, Jeff and McLoughlin, Philip D and Cluff, H Dean and Messier, Fran{\c{c}}ois},
	Journal = {Arctic},
	Pages = {143--152},
	Publisher = {JSTOR},
	Title = {Mark-recapture and stochastic population models for polar bears of the High Arctic},
	Year = {2008}}

@article{Thogmartin2004,
	Author = {Thogmartin, W.E. and Sauer, J.R. and Knutson, M.G.},
	Journal = {Ecological Applications},
	Owner = {xconn},
	Pages = {1766-1779},
	Timestamp = {2011.06.22},
	Title = {A hierarchical spatial model of avian abundance with application to Cerulean warblers},
	Volume = {14},
	Year = {2004}}

@article{Thomas2010,
	Author = {Thomas, L. and Buckland, S. T. and Rexstad, E. A. and Laake, J. L. and Strindberg, S. and Hedley, S. L. and Bishop, J. R. B. and Marques, T. A. and Burnham, K. P.},
	Journal = {Journal of Applied Ecology},
	Owner = {paul.conn},
	Pages = {5-14},
	Timestamp = {2012.09.10},
	Title = {Distance software: design and analysis of distance sampling surveys for estimating population size},
	Volume = {47},
	Year = {2010}}

@electronic{PacCodAssessment2011,
	Author = {Thompson, G. G. and Lauth, R. R.},
	Organization = {NOAA Alaska Fisheries Science Center},
	Owner = {paul.conn},
	Timestamp = {2013.05.15},
	Title = {Asessment of the {Pacific} Cod Stock in the Eastern {B}ering Sea and {A}leution Islands Area},
	Url = {http://www.afsc.noaa.gov/REFM/docs/2011/BSAIpcod.pdf},
	Year = {2011},
	Bdsk-Url-1 = {http://www.afsc.noaa.gov/REFM/docs/2011/BSAIpcod.pdf}}

@electronic{PacCodAssessment2011,
	__Markedentry = {[paul.conn:]},
	Author = {Thompson, G. G. and Lauth, R. R.},
	Organization = {NOAA Alaska Fisheries Science Center},
	Owner = {paul.conn},
	Timestamp = {2013.05.15},
	Title = {Asessment of the {Pacific} Cod Stock in the Eastern {B}ering Sea and {A}leution Islands Area},
	Url = {http://www.afsc.noaa.gov/REFM/docs/2011/BSAIpcod.pdf},
	Year = {2011},
	Bdsk-Url-1 = {http://www.afsc.noaa.gov/REFM/docs/2011/BSAIpcod.pdf}}

@article{Thompson2007,
	Author = {Thompson, K.G.},
	Journal = {Journal of Aquatic Animal Health},
	Owner = {paul.conn},
	Pages = {8-13},
	Timestamp = {2011.12.27},
	Title = {Use of site occupancy models to estimate prevalence of Myxobolus cerebralis infection in trout},
	Volume = {19},
	Year = {2007}}

@book{Thompson2002,
	Address = {New York},
	Author = {Thompson, S. K.},
	Owner = {paul.conn},
	Publisher = {Wiley},
	Timestamp = {2013.01.09},
	Title = {Sampling, 2nd Edition},
	Year = {2002}}

@article{ThorsonKristensenInPress,
	Author = {Thorson, J. T. and Kristensen, K.},
	Journal = {Fisheries Research},
	Owner = {paul.conn},
	Timestamp = {2015.11.23},
	Title = {Implementing a generic method for bias correction in statistical models using random effects, with spatial and popualtion dynamics examples},
	Year = {In Press}}

@article{ThorsonEtAl2015,
	Author = {Thorson, J. T. and Skaug, H. J. and Kristensen, K. and Shelton, A. O. and Ward, E. J. and Harms, J. and Benante, J. A.},
	Journal = {Ecology},
	Owner = {paul.conn},
	Pages = {1202-1212},
	Timestamp = {2015.02.18},
	Title = {The importance of spatial models for estimating the strength of density dependcence},
	Volume = {96},
	Year = {2015}}

@article{TierneyEtAl1989,
	Author = {Tierney, L. and Kass, R. E. and Kadane, J. B.},
	Journal = {Journal of the American Statistical Association},
	Owner = {paul.conn},
	Pages = {710-716},
	Timestamp = {2015.11.20},
	Title = {Fully exponential {L}aplace approximations to expectations and vvariance of non positive functions},
	Volume = {84},
	Year = {1989}}

@article{Tompkins2009,
	Author = {Tompkins, D.M. and Ramsey, D.S.L. and Cross, M.L. and Aldwell, F.E. and de Lisle, G.W. and Buddle, B.M.},
	Journal = {Proceedings of the Royal Society of B-Biological Sciences},
	Owner = {paul.conn},
	Pages = {2987-2995},
	Timestamp = {2012.08.27},
	Title = {Oral vaccination reduces the incidence of tuberculosis in free-living brushtail possums},
	Volume = {276},
	Year = {2009}}

@techreport{Trites:2010ly,
	Author = {Andrew W Trites and Rowenna Flinn and Ruth Joy and Brian Battaile},
	Institution = {Fisheries Centre, The University of British Columbia},
	Number = {2010-10},
	Title = {Was the decline of {S}teller sea lions in the {A}leutian {I}slands from 2000 to 2009 related to the {A}tka mackerel fishery?},
	Year = {2010}}

@article{Udevitz1998,
	Author = {Udevitz, M. S. and Ballachey, B. E.},
	Journal = {Journal of Wildlife Management},
	Owner = {paul.conn},
	Pages = {779-792},
	Timestamp = {2013.05.24},
	Title = {Estimating survival rates with age-structure data},
	Volume = {62},
	Year = {1998}}

@article{UdevitzEtAl2008,
	Author = {Udevitz, M. S. and Burn, D. M. and Webber, M. A.},
	Journal = {Marine Mammal Science},
	Owner = {paul.conn},
	Pages = {57-70},
	Timestamp = {2013.07.22},
	Title = {Estiimation of walrus populations on sea ice with infrared imagery and aerial photography},
	Volume = {24},
	Year = {2008}}

@incollection{Varian1975,
	Address = {Amsterdam},
	Author = {Varian, H. R.},
	Booktitle = {Studies in {B}ayesian Econonometrics and Statistics in Honor of {L}eonard {J}. {S}avage},
	Editor = {Fienberg, S. E. and Zellner, A.},
	Owner = {paul.conn},
	Pages = {195-208},
	Publisher = {North Holland},
	Timestamp = {2014.05.02},
	Title = {A {B}ayesian approach to real estate assessment},
	Year = {1975}}

@book{Venables2002,
	Address = {New York},
	Author = {Venables, W. N. and Ripley, B. D.},
	Owner = {paul.conn},
	Publisher = {Springer},
	Timestamp = {2013.05.24},
	Title = {Modern Applied Statistics with S, 4th Edition},
	Year = {2002}}

@article{VerHoef2010,
	Author = {Ver Hoef,J.M. and London,J.M. and Boveng,P.L.},
	Journal = {Computational Statistics},
	Owner = {paul.conn},
	Pages = {39-55},
	Timestamp = {2011.07.15},
	Title = {Fast computing of some generalized linear mixed pseudo-models with temporal autocorrelation},
	Volume = {25},
	Year = {2010}}

@incollection{VerHoef2012,
	Address = {Chichester, U.K.},
	Author = {Ver Hoef, J. M.},
	Booktitle = {Encyclopedia of Environmetrics, 2nd Edition},
	Editor = {El-Shaarawi, A. H. and Piegorsch, W. W.},
	Owner = {paul.conn},
	Pages = {(Online) DOI: 10.1002/9780470057339.vnn144},
	Publisher = {Wiley},
	Timestamp = {2013.04.26},
	Title = {Aerial Survey Data},
	Year = {2012}}

@article{VerHoef2012b,
	Author = {Ver Hoef, Jay M},
	Journal = {The American Statistician},
	Number = {2},
	Pages = {124--127},
	Publisher = {Taylor \& Francis},
	Title = {Who invented the delta method?},
	Volume = {66},
	Year = {2012}}

@article{VerHoef2008,
	Author = {Ver Hoef, J. M.},
	Journal = {Environmental and Ecological Statistics},
	Owner = {paul.conn},
	Pages = {3-13},
	Timestamp = {2013.04.26},
	Title = {Spatial methods for plot-based sampling of wildlife populations},
	Volume = {15},
	Year = {2008}}

@article{VerHoefBoveng2015,
	Author = {Ver Hoef, J. M. and Boveng, P. L.},
	Journal = {Journal of Wildlife Management},
	Owner = {paul.conn},
	Pages = {719-729},
	Timestamp = {2016.04.01},
	Title = {Iterating on a single model is a viable alternative to multimodel inference},
	Volume = {79},
	Year = {2015}}

@article{VerHoefBoveng2007,
	Author = {Ver Hoef, Jay M and Boveng, Peter L},
	Journal = {Ecology},
	Number = {11},
	Pages = {2766--2772},
	Publisher = {Eco Soc America},
	Title = {Quasi-Poisson vs. negative binomial regression: how should we model overdispersed count data?},
	Volume = {88},
	Year = {2007}}

@article{VerHoefEtAl2013,
	Author = {Ver Hoef, J. M. and Cameron, M. F. and Boveng, P. L. and London, J. M. and Moreland, E. E.},
	Journal = {Statistical Methodology},
	Owner = {paul.conn},
	Pages = {http://dx.doi.org/10.1016/j.stamet.2013.03.001},
	Timestamp = {2011.07.05},
	Title = {A hierarchical model for abundance of three ice-associated seal species in the eastern {B}ering {S}ea},
	Year = {2013}}

@article{VerHoefJansen2007,
	Author = {Ver Hoef, J. M. and Jansen, J. K.},
	Journal = {Environmetrics},
	Owner = {paul.conn},
	Pages = {697-712},
	Timestamp = {2012.03.14},
	Title = {Space-time zero-inflated count models of harbor seals},
	Volume = {18},
	Year = {2007}}

@article{VincentHaworth1983,
	Abstract = {Species abundance regression models have been fitted with the GLIM computer package. These models take into account the discrete nature of the dependent variable, numbers of species. The inappropriateness of conventional normal regression models is demonstrated by the use of a normal probability plot.},
	Author = {Vincent, P. J. and Haworth, J. M.},
	Copyright = {Copyright � 1983 Wiley},
	Issn = {03050270},
	Journal = {Journal of Biogeography},
	Jstor_Articletype = {research-article},
	Jstor_Formatteddate = {Mar., 1983},
	Language = {English},
	Number = {2},
	Owner = {paul.conn},
	Pages = {pp. 153-160},
	Publisher = {Wiley},
	Timestamp = {2015.01.20},
	Title = {Poisson Regression Models of Species Abundance},
	Url = {http://www.jstor.org/stable/2844625},
	Volume = {10},
	Year = {1983},
	Bdsk-Url-1 = {http://www.jstor.org/stable/2844625}}

@article{Virtala1998,
	Author = {Virtala, M. and Kuikka, S. and Arjas, E.},
	Journal = {ICES Journal of Marine Science},
	Owner = {paul.conn},
	Pages = {892-904},
	Timestamp = {2013.05.24},
	Title = {Stochastic virtual population analysis},
	Volume = {55},
	Year = {1998}}

@article{Vounatsou1995,
	Author = {Vounatsou, P. and Smith, A. F. M},
	Journal = {Biometrics},
	Optmonth = {June},
	Owner = {paul.conn},
	Pages = {687--708},
	Timestamp = {2013.05.24},
	Title = {Bayesian analysis of ring-recovery data via {Markov} chain {Monte Carlo} simulation},
	Volume = {51},
	Year = {1995}}

@article{Wagner2005,
	Author = {Wagner, H.H. and Fortin, M.J.},
	Journal = {Ecology},
	Owner = {xconn},
	Pages = {1975-1986},
	Timestamp = {2011.06.22},
	Title = {Spatial analyis of landscapes: Concepts and statistics},
	Volume = {86},
	Year = {2005}}

@book{Walters1986,
	Address = {New York},
	Author = {Walters, C. J.},
	Owner = {paul.conn},
	Publisher = {Macmillan},
	Timestamp = {2013.05.24},
	Title = {Adaptive Management of Renewable Resources},
	Year = {1986}}

@article{Wang2009,
	Author = {Wang, M. Y. and Overland, J. E.},
	Journal = {Geophysical Research Letters},
	Owner = {paul.conn},
	Pages = {L07502},
	Timestamp = {2013.05.16},
	Title = {A sea ice free summer Arctic within 30 years?},
	Volume = {36},
	Year = {2009}}

@article{Wernhem1999,
	Author = {Wernhem, C. V. and Peach, W. J.},
	Journal = {Bird Study},
	Owner = {paul.conn},
	Pages = {189--197},
	Timestamp = {2013.05.24},
	Title = {Use of ring recoveries to monitor long-term changes in the survvial rates of British and Irish cormorants Phalacrocorax carbo},
	Volume = {46},
	Year = {1999}}

@article{White1999,
	Author = {White, G. C. and Burnham, K. P.},
	Journal = {Bird Study},
	Owner = {paul.conn},
	Pages = {120-138},
	Timestamp = {2013.05.24},
	Title = {Program MARK: Survival estimation from populations of marked animals},
	Volume = {46 Supplement},
	Year = {1999}}

@article{Wikle2003,
	Author = {Wikle, C.K.},
	Journal = {Ecology},
	Owner = {paul.conn},
	Pages = {1382-1394},
	Timestamp = {2011.06.13},
	Title = {Hierarchical Bayesian methods for predicting the spread of ecological processes},
	Volume = {84},
	Year = {2003}}

@inproceedings{Wikle2010,
	Author = {Wikle, C. K.},
	Booktitle = {Handbook of Spatial Statistics},
	Editor = {Gelfand, A. and Diggle, P. and Fuentes, M. and Guttorp, P.},
	Owner = {paul.conn},
	Pages = {89-106},
	Publisher = {Chapman \& Hall},
	Timestamp = {2013.07.17},
	Title = {Low rank representations for spatial processes},
	Year = {2010}}

@article{WikleEtAl2003b,
	Author = {Wikle, C. K. and Berliner, L. M. and Milliff, R. F.},
	Journal = {Monthly Weather Review},
	Owner = {paul.conn},
	Pages = {1051-1062},
	Timestamp = {2013.12.09},
	Title = {Hierarchical Bayesian approach to boundary value problems with stochastic boundary conditions},
	Volume = {131},
	Year = {2003}}

@article{WikleHooten2010,
	Author = {Wikle, C. K. and Hooten, M. B.},
	Journal = {TEST},
	Owner = {paul.conn},
	Pages = {417-451},
	Timestamp = {2013.12.04},
	Title = {A general science-based framework for dynamical spatio-temporal models},
	Volume = {19},
	Year = {2010}}

@article{WikleEtAl2001,
	Author = {Wikle, C. K. and Milliff, R. F. and Nychka, D. and Berliner, L. M.},
	Journal = {Journal of the American Statistical Association},
	Owner = {paul.conn},
	Pages = {382-397},
	Timestamp = {2013.12.05},
	Title = {Spatiotemporal hierarchical {B}ayesian modeling tropical ocean surface winds},
	Volume = {96},
	Year = {2001}}

@article{Wilberg2008,
	Author = {Wilberg, M.J. and Bence, J.R.},
	Journal = {Fisheries Research},
	Owner = {paul.conn},
	Pages = {212-221},
	Timestamp = {2011.09.13},
	Title = {Performance of deviance information criterion model selection in statistical catch-at-age analysis},
	Volume = {93},
	Year = {2008}}

@article{Wilberg2006,
	Author = {Wilberg, M. J. and Bence, J. R.},
	Journal = {Canadian Journal of Fisheries and Aquatic Sciences},
	Owner = {paul.conn},
	Pages = {2275-2285},
	Timestamp = {2013.05.24},
	Title = {Performance of time-varying catchability estimators in statistical catch-at-age analysis},
	Volume = {63},
	Year = {2006}}

@book{Williams2002,
	Address = {San Diego, CA, USA},
	Author = {Williams, B. K. and Nichols, J. D. and Conroy, M. J.},
	Owner = {paul.conn},
	Publisher = {Academic Press},
	Timestamp = {2013.05.24},
	Title = {Analysis and Management of Animal Populations},
	Year = {2002}}

@article{Williams2003,
	Author = {Williams, E. H. and Shertzer, K. W.},
	Journal = {Canadian Journal of Fisheries and Aquatic Sciences},
	Owner = {paul.conn},
	Pages = {710-720},
	Timestamp = {2013.05.24},
	Title = {Implications of life-history invariants for biological reference points used in fishery management},
	Volume = {60},
	Year = {2003}}

@article{williams2016combining,
	Author = {Williams, Perry J and Hooten, Mevin B},
	Journal = {Ecological Applications},
	Number = {6},
	Pages = {1930--1942},
	Publisher = {Wiley Online Library},
	Title = {Combining statistical inference and decisions in ecology},
	Volume = {26},
	Year = {2016}}

@Article{williams2017estimating,
  author    = {Williams, Perry J and Hooten, Mevin B and Womble, J. N and Bower, M. R.},
  title     = {Estimating occupancy and abundance using aerial images with imperfect detection},
  journal   = {Methods in Ecology and Evolution},
  year      = {2017},
  volume    = {8},
  number    = {0},
  pages     = {1679-1689},
  publisher = {Wiley Online Library},
}

@article{Willis2000,
	Author = {Willis, T.J. and Millar, R.B. and Babcock, R.C.},
	Journal = {Marine Ecology Progress Series},
	Owner = {paul.conn},
	Pages = {249-260},
	Timestamp = {2010.07.06},
	Title = {Detection of spatial variability in relative density of fishes: comparison of visual census, angling, and baited underwater video},
	Volume = {198},
	Year = {2000}}

@article{Wolf:2008qf,
	Author = {N. Wolf and M. Mangel},
	Journal = {Ecological Applications},
	Number = {8},
	Pages = {1932--1955},
	Title = {Multiple hypothesis testing and the declining population paradigm in {S}teller sea lions},
	Volume = {18},
	Year = {2008}}

@techreport{Wolf:2005bh,
	Address = {Tampa, Florida},
	Author = {N. Wolf and M. Mangel},
	Institution = {MRAG Americas, Inc.},
	Number = {AB133F-02-CN-0085},
	Title = {Understanding the Decline of The {W}estern {A}laskan {S}teller Sea Lion: Assessing the Evidence Concerning Multiple Hypothesis},
	Year = {2005}}

@article{Womble:2009fk,
	Author = {Womble, Jamie N. and Sigler, Michael F. and Willson, Mary F.},
	Journal = {Journal of Biogeography},
	Month = mar,
	Number = {3},
	Pages = {439--451},
	Title = {Linking seasonal distribution patterns with prey availability in a central-place forager, the Steller sea lion},
	Volume = {36},
	Year = {2009}}

@book{Wood2006,
	Address = {Boca Raton, Florida},
	Author = {Wood, S. N.},
	Owner = {paul.conn},
	Publisher = {Chapman \& Hall/CRC},
	Timestamp = {2013.07.11},
	Title = {Generalized additive models},
	Year = {2006}}

@article{Woolhouse1992,
	Author = {Woolhouse, M. E. J. and Chandiwana, S. K.},
	Journal = {Parasitology},
	Owner = {paul.conn},
	Pages = {443-449},
	Timestamp = {2013.05.24},
	Title = {A further model for temporal patterns in the epidemiology of schistomsome infections of snails},
	Volume = {104},
	Year = {1992}}

@article{WuEtAl2013,
	Author = {Wu, G. and Holan, S. H. and Wikle, C. K.},
	Journal = {Journal of Agricultural, Biological, and Environmental Statistics},
	Owner = {paul.conn},
	Pages = {335-356},
	Timestamp = {2013.12.05},
	Title = {Hierarchical {B}ayesian spatio-temporal {C}onway-{M}axwell {P}oisson models with dynamic dispersion},
	Volume = {18},
	Year = {2013}}

@article{XiaEtAl2006,
	Author = {Xia, Gangqiang and Miranda, Marie Lynn and Gelfand, Alan E.},
	Doi = {10.1002/env.775},
	Issn = {1099-095X},
	Journal = {Environmetrics},
	Keywords = {block sampling, entropy, Fisher information, Gaussian process, sequential sampling, stochastic search},
	Number = {4},
	Owner = {paul.conn},
	Pages = {363--385},
	Publisher = {John Wiley \& Sons, Ltd.},
	Timestamp = {2015.01.20},
	Title = {Approximately optimal spatial design approaches for environmental health data},
	Url = {http://dx.doi.org/10.1002/env.775},
	Volume = {17},
	Year = {2006},
	Bdsk-Url-1 = {http://dx.doi.org/10.1002/env.775}}

@article{Yin2004,
	Author = {Yin, Y. and Sampson, D. B.},
	Journal = {North American Journal of Fisheries Management},
	Owner = {paul.conn},
	Pages = {865-879},
	Timestamp = {2013.05.24},
	Title = {Bias and precision of estimates from an age-structured stock assessment program in relation to stock and data characteristics},
	Volume = {24},
	Year = {2004}}

@article{Yoshizaki2009,
	Author = {Yoshizaki, J. and Pollock, K. H. and Brownie, C. and Webster, R. A.},
	Journal = {Ecology},
	Owner = {paul.conn},
	Pages = {3-9},
	Timestamp = {2009.12.21},
	Title = {Modeling misidentification errors in capture-recapture studies using photographic identification of evolving marks},
	Volume = {90},
	Year = {2009}}

@article{YuanJohnson2012,
	__Markedentry = {[paul.conn:]},
	Author = {Yuan, Y. and Johnson, V. E.},
	Journal = {Biometrics},
	Owner = {paul.conn},
	Pages = {156-164},
	Timestamp = {2015.10.14},
	Title = {Goodness-of-fit diagnostics for {B}ayesian hierarchical models},
	Volume = {68},
	Year = {2012}}

@incollection{Zellner1986,
	Author = {Zellner, A.},
	Booktitle = {Bayesian Inference and Decision Techniques: Essays in Honor of Bruno de Finetti},
	Editor = {Goel, P. K. and Zellner, A.},
	Owner = {paul.conn},
	Pages = {233-243},
	Publisher = {North-Holland/Elsevier},
	Timestamp = {2014.12.12},
	Title = {On assessing prior distributions and {B}ayesian regression analysis with $g$-prior distributions},
	Year = {1986}}

@article{ZeppelinEtAl2004,
	Author = {Zeppelin, T. K. and Tollit, D. J. and Call, K. A. and Orchard, T. J. and Gudmundson, C. J.},
	Journal = {Fishery Bulletin},
	Owner = {paul.conn},
	Pages = {509-521},
	Timestamp = {2013.07.03},
	Title = {Sizes of walleye pollock ({\it Theragra chalcogramma}) and Atka mackerel ({\it Pleurogrammus monopterygius}) consumed by the western stock of Steller sea lions ({\it Eumetopias jubatus}) in {A}laska from 1998 to 2000},
	Volume = {102},
	Year = {2004}}

@article{Zhang2014,
	Author = {Zhang, Junni L},
	Journal = {Computational Statistics \& Data Analysis},
	Pages = {277--291},
	Publisher = {Elsevier},
	Title = {Comparative investigation of three Bayesian p values},
	Volume = {79},
	Year = {2014}}

@article{Zippin1956,
	Author = {Zippin, C.},
	Journal = {Biometrics},
	Owner = {paul.conn},
	Pages = {163-189},
	Timestamp = {2013.05.24},
	Title = {An evaluation of the removal method of estimating animal pouplations},
	Volume = {12},
	Year = {1956}}

@article{QiuEtAl2016,
	Author = {Qiu, S. and Feng, C. X. and Li, L.},
	Journal = {arXiv},
	Journaltitle = {arXiv},
	Title = {Approximating cross-validatory predictive p-values with integrated IS for disease mapping models},
	Volume = {1603.07668},
	Year = {2016}}

@Article{GelfandSmith1990,
  author  = {Gelfand, A. E. and Smith, A. F. M.},
  title   = {Sampling-based approaches to calculating marginal densities},
  journal = {Journal of the American Statistical Association},
  year    = {1990},
  volume  = {85},
  pages   = {398-409},
}

@Article{VerHoefFrost2003,
  author  = {Ver Hoef, J. M. and Frost, K. J.},
  title   = {A {B}ayesian hierarchical model for monitoring harbor seal changes in {P}rince {W}illiam {S}ound, {A}laska},
  journal = {Environmental and Ecological Statistics},
  year    = {2003},
  volume  = {10},
  pages   = {201-219},
}

@Article{HeadEtAl2015,
  author  = {Head, M. L. and Holman, L. and Lanfear, R. and Kahn, A. T. and Jennions, M. D.},
  title   = {The extent and consequences of p-hacking in science},
  journal = {PLoS Biology},
  year    = {2015},
  volume  = {13},
  pages   = {e1002106},
}

@Comment{jabref-meta: databaseType:biblatex;}
